2568 4764
266 269 344 348 194
408 233 614 321 ODOR'ES
645 235 1171 322 MEDICA-MENTORUM.

263 429 336 522 stet
359 423 575 516 charontis,
607 425 642 497 δι
665 421 807 536 spiritus
832 423 976 524 quidam
999 425 1162 500 volatilis
1189 421 1230 498 ad
1250 447 1270 500 n

266 529 324 603 res
354 523 576 617 adplicatur,
604 519 723 594 statim
753 519 960 596 reviviscet
1021 523 1096 627 Qui
1130 523 1270 622 animo,

260 619 425 717 scorpore
440 617 498 692 'ita
522 613 730 698 debilitatus
758 615 831 712 est,
859 629 973 694 utne
1000 617 1153 717 digitum
1177 621 1270 714 quide

267 713 456 795 minimum
479 739 631 814 movere
656 717 798 808 valeat,
822 738 867 791 ex
957 717 1004 790 tis
1030 718 1216 792 nonnullis
1237 717 1270 794 vr

262 811 419 894 ¹rhenani
445 815 582 889 mirum.
605 814 644 889 in
673 813 821 890 modum
842 837 882 889 re
911 813 945 887 ci
968 813 1089 889 nullus
1113 837 1190 890 non
1210 815 1270 888 sem

269 909 488 989 observabit.
539 907 667 1004 Alius,
703 911 764 1005 qui
793 909 939 988 adversa
968 911 1118 990 fortuna
1152 909 1202 985 ita
1229 931 1270 996 cot

262 1012 446 1101 'flittatum
468 1005 503 1084 a
523 1004 584 1083 sub
603 1031 716 1084 onere
734 1009 958 1104 ¹paupertatis
974 1008 1099 1106 gemit,
1117 1024 1161 1084 ut
1176 1030 1270 1110 omna

259 1106 476 1204 Jemergendi
496 1105 592 1204 spem
613 1103 790 1197 amiserit,
812 1103 908 1181 unde
928 1107 1192 1206 melancholia,
1216 1107 1270 1184 dol

259 1207 308 1304 [re
323 1205 359 1282 '&
376 1203 625 1302 desperatione
643 1203 693 1276 ita
709 1216 884 1296 vexatur,
907 1215 1011 1280 utne
1028 1203 1159 1279 horula
1178 1205 1270 1299 quida

223 1297 230 1314 ⁸
260 1331 291 1398 ,a
306 1303 466 1380 tristibus
491 1299 666 1376 &anxiis
689 1301 987 1377 meditationibus
1011 1302 1103 1376 liber
1130 1303 1185 1396 srt,
1201 1325 1242 1402 gu

268 1403 406 1496 aliquas
426 1399 507 1493 vini
532 1396 682 1496 rhenani
709 1398 885 1493 accipiat,
915 1399 1084 1472 vivacior
1108 1393 1172 1492 fit,
1202 1315 1270 1576 naq

269 1499 376 1575 dolor
416 1497 645 1592 pristinaeque
683 1493 831 1570 miseriae
871 1493 1078 1572 recordatio
1117 1493 1265 1572 evanesci

269 1595 514 1672 contentus&
531 1596 635 1680 laetus
650 1593 770 1686 canit,
792 1591 905 1684 ludit,
930 1593 986 1686 ta,
1009 1592 1180 1688 quamdiu
1199 1596 1232 1668 in
1246 1587 1270 1698 ill

268 1695 362 1769 statu
386 1705 598 1788 permanet,
636 1690 671 1765 se
698 1687 933 1766 felicissunum
962 1681 1197 1804 predicabit,
1226 1713 1270 1766 atr

268 1787 493 1886 Nepenthen
513 1788 698 1888 gustasset,
723 1812 800 1883 quae
821 1787 918 1876 nulla
932 1791 1002 1864 alra
1017 1787 1216 1880 medicina,
1237 1809 1270 1862 nu

267 1885 484 2060 laalmoralis
498 1885 698 1984 persuasio,
729 1908 799 1961 nec
823 1889 896 1960 ulla
920 1908 978 1971 res
1002 1887 1158 1963 humana
1182 1887 1270 1965 efficti

267 2008 294 2060 v
330 1998 378 2060 et.
423 2040 425 2050 ι
965 2053 968 2060 .

367 2081 571 2158 Maximum
597 2101 689 2155 vero
718 2075 906 2158 discrimen
936 2079 1206 2178 spirituosorum
1227 2067 1270 2152 fad

266 2181 462 2280 proportio
488 2177 635 2264 dosrum.
685 2179 833 2266 Minuta
854 2181 951 2255 enim
973 2181 1066 2256 dosis
1091 2201 1218 2280 parum
1235 2191 1270 2276 nd

266 2285 338 2354 vos
364 2275 558 2372 stringere3
587 2278 684 2371 larga
712 2291 831 2351 autern
864 2277 971 2353 nimis
998 2279 1081 2352 illos
1112 2275 1270 2446 eatendg]

264 2380 291 2453 sr
312 2399 389 2452 non
408 2370 552 2472 prorsus
573 2370 754 2448 destruere
768 2372 924 2449 videtur.
972 2375 1135 2474 Exiguus
1156 2371 1231 2470 spiri

265 2475 384 2550 sorum
406 2495 523 2578 vapor
550 2472 697 2544 naribus
719 2472 919 2566 applicatus
947 2497 1034 2568 cor,
1063 2472 1150 2548 dum
1174 2451 1270 2546 munel

265 2572 330 2650 suo
351 2569 453 2666 fu'ngi
470 2567 638 2658 cessavit,
664 2569 794 2643 iterum
810 2569 853 2642 ad
865 2583 1005 2646 motum
1025 2572 1186 2646 excitare
1206 2551 1270 2742 νεῖῒ

266 2683 304 2744 at
332 2689 450 2762 vapor
480 2667 636 2751 maxime
670 2683 928 2770 conceptratus
958 2691 979 2741 e
1003 2668 1136 2762 Dolio,
1155 2665 1227 2740 vini
1247 2681 1270 2766 t*

266 2768 358 2841 cella
378 2759 517 2854 clausa,
534 2767 658 2856 inqua
674 2766 801 2856 vinum
816 2761 1024 2858 fermentat,
1046 2760 1270 2859 robujstifflmut

293 2881 518 2958 uemcunque
536 2862 722 2956 externplo
739 2861 897 2955 perimit,
916 2861 950 2936 dt
967 2863 1104 2950 chorda
1120 2863 1221 2940 nimis
1234 2869 1270 2936 tar

265 2887 301 3038 pa
326 2960 515 3054 rumpitur.
581 2957 671 3063 Quae
696 2958 840 3055 omnia,
862 2957 1035 3039 Nobiliff.
1056 2959 1176 3036 Dauus
1193 2943 1270 3060 PR&

263 3057 346 3134 SES
366 3057 504 3132 vividis
529 3055 715 3156 coloribus
740 3053 907 3152 depinxit
931 3058 968 3131 in
988 3059 1174 3132 Cabruiaria
1189 3055 1270 3222 aas}

262 3167 333 3254 pro
364 3176 462 3230 anno
496 3175 601 3247 1747.
665 3151 728 3228 Est
758 3175 892 3252 corpus
916 3156 1111 3230 humanum
1140 3176 1215 3228 cum
1239 3146 1270 3226 l,

264 3253 389 3332 nervis
418 3252 505 3326 navi
533 3250 601 3325 suis
626 3252 798 3345 carbasss,
832 3253 945 3344 velis,
973 3251 1122 3327 funibus
1146 3245 1258 3327 benei

264 3351 402 3428 strudlae
434 3371 607 3442 perquam
639 3347 785 3422 smilis:
826 3349 850 3424 sr
875 3349 979 3424 navis
1009 3349 1071 3424 diu
1099 3343 1238 3445 rapidilli

166 3531 170 3542 ¹
264 3449 432 3540 ventisa
458 3445 589 3537 itatur,
617 3445 760 3528 tandem
790 3446 895 3522 funes
916 3443 1153 3538 flaccescunt,
1178 3419 1270 3520 &md

263 3545 408 3617 mentali
431 3468 544 3635 fiunt,
573 3563 673 3636 reque
691 3564 733 3614 ac
747 3541 860 3618 homo
882 3569 927 3618 ex
950 3542 1119 3620 diuturna
1142 3543 1231 3631 vita,
1250 3525 1270 3644 ul

264 3643 339 3714 mio
364 3642 489 3714 labore
515 3640 709 3732 multisque
738 3641 874 3736 vigiliis
902 3643 1091 3737 fatigatus:
1123 3643 1180 3717 vel
1205 3647 1270 3736 utl

263 3739 372 3830 navi,
397 3739 460 3810 ubi
493 3741 598 3816 funes
624 3739 759 3832 pluviis
786 3737 877 3834 saepe
903 3741 1096 3832 macenti,
1128 3733 1270 3814 elasticia

262 3851 336 3911 tem
356 3835 450 3909 suam
471 3833 647 3930 perdunt,
673 3834 827 3930 &quati
853 3837 1056 3932 incipiunt,
1088 3859 1196 3932 usque
1223 3831 1270 3936 dul

261 3931 307 4014 de
328 3933 590 4010 novo‘fuerint
608 3931 769 4030 irrigati,
793 3935 844 4008 ita
870 3938 979 4010 etiam
997 3957 1128 4035 corpus
1153 3928 1270 4008 nomint
