2578 4770
204 315 209 322 ·
246 268 410 352 MORBI
436 269 506 352 EX
535 263 731 354 ΗῩΕΜΕ.
952 287 1024 373 tyr

92 551 162 626 Alia
188 571 325 648 qunque
347 459 521 628 Msteora
548 563 727 648 apparent
753 552 881 628 branna
905 549 1048 636 nomi».

32 663 110 724 nmo.
161 647 290 723 Lumen
315 655 504 726 nobem
528 653 648 724 boreale
674 651 770 725 inter
791 649 868 724 haec
889 661 1022 726 notatu

29 747 126 844 dignum
149 745 219 836 est,
247 749 341 823 unde
371 750 474 844 plebs
499 747 781 842 morisantiqui
807 747 844 822 bc
859 769 1023 844 praecon·

29 859 103 938 cepte
116 843 287 940 opinionis
304 845 443 942 semper
460 859 593 938 tenax,
620 843 848 920 occasionem
867 847 1021 940 amplam

32 943 251 1034 sceptrorum
282 941 455 1041 fingendi.
510 941 553 1018 In
585 943 777 1039 Lapponia
812 945 889 1018 fere
920 943 1022 1018 omni

35 1038 113 1129 noio,
135 1053 291 1135 nempore
314 1041 479 1138 hyemis,
506 1039 731 1116 observatur.
782 1041 1023 1138 Frequentius

40 1137 157 1232 monne
177 1151 323 1234 putatur
339 1139 376 1214 in
397 1139 583 1234 Uplandis
605 1141 650 1214 ab
664 1160 762 1215 anno
783 1161 891 1236 1723,
939 1159 1022 1216 uarn

38 1248 109 1321 anea,
136 1257 250 1332 aquo
279 1253 447 1332 tempore
471 1235 595 1312 sedulo
623 1237 821 1332 primumn
844 1163 1025 1336 Proseffore

31 1331 341 1410 donomoobservari
358 1335 660 1430 coepit(os'd.Ast.
673 1337 747 1410 Lis.
760 1331 1022 1428 Soeciae1724).

31 1425 120 1518 Hyme
142 1435 174 1507 in
192 1434 317 1528 primis
335 1433 431 1530 apud
447 1453 517 1509 nos
534 1447 705 1528 apparet,
732 1433 910 1508 interdum
932 1432 1024 1506 sere·

34 1545 73 1603 110.
95 1529 253 1606 interdum
289 1532 479 1606 nubeculis
512 1530 629 1626 sparso
665 1533 771 1606 coelo.
835 1530 972 1629 Incipit
1001 1551 1024 1604 a

30 1623 89 1718 viga
107 1629 254 1724 boreali,
276 1629 366 1704 licet
385 1627 580 1724 aliquando
597 1631 642 1704 ab
663 1651 706 1702 ea
722 1629 892 1706 declinet
943 1629 1023 1704 Ali·

30 1723 120 1808 quando
141 1727 292 1818 diutius,
320 1727 515 1822 aliquando
538 1751 604 1822 per
627 1729 742 1802 breve
765 1739 930 1824 tempus,
959 1727 1023 1803 du·
1103 1758 1105 1769 ⁴

31 1833 67 1924 ot
98 1822 252 1918 Sequitur
274 1825 347 1900 hoc
375 1825 497 1900 lumen
526 1847 602 1900 non
630 1825 769 1922 semper
797 1825 935 1922 frigus,
964 1825 1023 1900 sed

21 1929 93 1990 ‘noo
106 1921 272 1998 interdum
301 1924 461 1998 calorem
482 1921 783 1998 &humiditatem
799 1923 1025 2018 praenunciat

27 2009 199 2122 (isthimoa
229 2023 337 2094 Eion.
366 2021 467 2118 Phys.
502 2015 690 2118 §.1323).
748 2019 920 2096 Nostram
947 2043 1025 2100 non

26 2105 124 2188 iacimus
142 2118 395 2212 questionem:
420 2141 508 2194 num
527 2119 601 2194 hoc
620 2129 814 2196 meteoron
837 2119 881 2193 ad
903 2119 1023 2216 ignea,

26 2212 99 2316 md
121 2217 348 2312 apparentia,
380 2239 426 2292 an
459 2215 504 2290 ad
532 2229 684 2312 unaque
708 2215 835 2290 referri
866 2215 1058 2302 debenti,
1183 2299 1190 2322 ,

28 2297 144 2386 idemus
174 2337 322 2410 quoque
354 2313 565 2390 vehementi
605 2313 689 2412 gelu
714 2315 830 2410 stelias
865 2319 1022 2406 cedentes,

33 2411 230 2510 inisdrusaeus
253 2425 376 2506 narrat
394 2407 860 2510 gelatinosainflammabili
874 2413 1025 2488 materia

31 2499 143 2582 vniam.
182 2511 315 2604 Mosco.
334 2515 358 2584 t.
378 2537 406 2586 e.
428 2531 533 2606 1327.
584 2509 731 2586 volunt
751 2511 919 2584 nonnulli
943 2509 1024 2588 stei-

25 2593 220 2682 incedentes
245 2621 380 2684 ventos
408 2607 578 2684 nuntiare
596 2627 644 2706 px
659 2629 703 2682 ea
718 2609 823 2707 plaga
836 2605 1025 2706 spirantes,

23 2697 292 2780 inumbrantur.

396 2809 432 2898 §.
478 2799 599 2878 XVII.

76 2892 173 2974 Note
203 2899 346 2996 hyemis
375 2899 593 2996 perfistenns
623 2897 704 2974 sunt
733 2899 829 2976 inter
859 2901 945 2978 alias
973 2899 1025 2978 se·

18 3005 140 3078 pientes:
169 2997 358 3072 Particulae
373 2999 492 3074 niveae
512 2999 624 3096 magis
639 2997 835 3094 compactae
851 2997 888 3072 dt
906 2999 1024 3074 mino·

18 3087 129 3194 essunt
150 3093 284 3170 sumus
294 3117 340 3169 ex
350 3097 506 3174 accensis
521 3095 869 3193 perpendiculariter
882 3095 1025 3172 adscen-

18 3177 55 3254 ivt
91 3189 209 3268 Atomi
233 3195 374 3268 nivales
398 3195 617 3268 motitantur
664 3215 704 3266 er
725 3199 856 3268 a'e‘rem.
883 3193 1025 3270 ·Sonus

18 3275 42 3350 it
52 3291 211 3384 campanis
234 3291 370 3366 &aliis
392 3291 609 3390 corporibus
631 3217 772 3366 sonoris
793 3289 844 3364 est
861 3291 1025 3382 validus3

18 3377 105 3466 isone
134 3387 261 3487 frigida
289 3388 325 3464 dt
352 3393 446 3480 caelo
478 3389 628 3482 sereno,
663 3385 772 3463 sonos
811 3387 1026 3467 incensores

18 3473 57 3547 ese
85 3483 285 3562 observavit
316 3485 547 3568 Derimnus..
586 3483 722 3562 Stridet
753 3483 817 3561 sub
876 3485 1025 3584 edibus,

18 3579 120 3686 luendo
144 3583 180 3660 in
206 3586 332 3660 nivem
362 3587 596 3660 ambulamus.
659 3583 806 3660 Glacies
840 3509 875 3658 g
909 3583 1026 3684 Ligna

18 3669 206 3758 edificiorum
232 3699 314 3760 cum
344 3683 554 3758 vehementi
587 3681 709 3776 sonitu
738 3681 928 3759 solmmtm
958 3705 1026 3782 per

18 3773 104 3849 mles.
149 3779 315 3857 Stercore
340 3803 517 3876 equorum
542 3782 638 3876 quast
666 3779 815 3876 saltant,
846 3795 889 3856 ut
915 3781 1027 3857 facile

18 3869 139 3952 sederes
158 3901 199 3954 ea
222 3881 260 3952 vi
287 3879 438 3976 quadam
461 3877 628 3977 finprlari
652 3877 798 3956 elastica
825 3879 895 3980 agi.
944 3875 1026 3976 Ipse

18 3965 52 4038 ¹31
68 3983 135 4051 um
152 3973 329 4076 sapiffime
349 3975 402 4056 est
422 3975 579 4056 sumus.
867 4077 905 4184 Q
976 4075 999 4154 d
