2568 4764
341 281 435 364 ‘cu1
462 257 640 362 norror
937 303 1014 378 ψ

20 463 190 539 &lctlneia
211 461 384 562 ingeniia3
417 465 463 538 ab
488 463 558 536 illia
583 475 725 558 tamen,
746 457 812 556 'qoi
834 479 1016 553 nunquan

17 578 87 636 cana
100 563 188 634 oleas
203 561 322 657 vagati
339 559 430 636 sunt
482 560 542 634 Ad
557 583 626 634 noa
641 561 739 654 quod
763 559 922 646 adtinet,
943 558 1018 650 jam

14 659 132 732 insolens
157 659 303 732 minime
324 671 512 753 reputatur
540 679 691 752 operum
711 657 860 730 Namrae
885 651 1016 728 scruta·

14 777 86 845 nen,
105 755 143 828 ad
158 755 262 830 urbes
282 755 463 848 majores,
488 754 532 828 ad
549 754 733 852 principes
758 753 900 827 urbium
916 751 950 824 dt
970 749 1016 826 ad

14 853 203 940 Academiam
231 875 349 947 neque
375 851 522 948 questio
548 853 624 926 haec
648 849 869 948 proponitur
886 871 906 922 a
926 847 1017 924 viria

14 971 72 1021 une
86 949 242 1039 cmditis;
271 963 401 1024 cono-a
419 971 511 1024 vero
537 951 646 1046 longe
667 944 945 1043 frequentillima
964 943 1017 1020 est

18 1048 43 1116 ir
56 1047 236 1120 Provinciis
259 1045 518 1138 remotisimis‚
543 1047 637 1140 apud
664 1047 806 1141 baJ'ulos
829 1043 865 1118 c
885 1039 1016 1118 mone

21 1141 82 1216 sums
104 1145 287 1238 homines,
320 1144 449 1238 quibua
478 1143 688 1220 defiderlann
708 1141 937 1218 solummodo
965 1137 1017 1214 est

20 1237 185 1315 iamachum
222 1239 420 1336 implendi,
453 1241 572 1336 &qui
601 1261 710 1316 omne
735 1241 772 1314 id
796 1239 926 1314 inutile
953 1237 1016 1312 du·

17 1353 87 1428 ont,
108 1339 200 1432 quod
231 1341 322 1437 gulae
347 1361 425 1414 non
450 1337 610 1414 inservit.

74 1475 318 1572 lillrugmflierno
343 1471 482 1572 (sna.)
510 1497 591 1550 cum
624 1477 778 1572 primum
807 1473 1016 1552 Electrifimt

15 1569 204 1658 pianomena
227 1585 338 1668 caput
364 1572 587 1664 exsererent,
612 1587 767 1648 vocatus
789 1574 860 1648 fuit
878 1573 948 1646 ab.
966 1595 1014 1646 m.

14 1659 152 1742 inderico
176 1671 298 1766 primo
327 1669 382 1744 Re
408 1693 428 1744 e
462 1671 612 1762 nostro,
651 1683 693 1746 ut
716 1671 835 1746 haecce
864 1671 927 1766 ipsa
955 1669 1016 1746 de-

15 1764 200 1868 monstrarem
224 1767 280 1842 his
295 1693 460 1862 paradis,
482 1769 552 1844 Vir
566 1789 622 1842 ma
673 1769 858 1844 inominis
877 1767 1016 1844 adstans

16 1859 93 1934 ndens
106 1865 194 1937 dixit
210 1865 261 1938 D.
273 1867 550 1960 Klingenstiernc:
579 1863 613 1940 se
651 1867 930 1942 cuibonolcc?
964 1865 1018 1942 At

17 1953 144 2034 Professor
163 1963 441 2055 Klingenslierna,
464 1975 506 2036 ut
528 1963 587 2038 vir
612 1963 846 2056 acutiffimus,
872 1959 1017 2060 respon·
1158 1994 1162 2005 ·

14 2049 97 2130 debat:
118 2081 203 2134 mox
225 2059 320 2132 idem
341 2057 428 2132 mihi
452 2061 592 2154 objecit
612 2059 641 2134 l.
654 2059 695 2134 C.
704 2059 919 2232 ³{mercator
940 2061 1016 2156 qui·

14 2147 65 2223 dan
86 2153 283 2246 ditissimus,
318 2156 482 2232 vendens
515 2157 631 2250 Salia,
665 2158 702 2234 H
738 2181 843 2250 eccs,
877 2159 1016 2234 similia·

16 2241 87 2337 luth
106 2251 290 2328 subridens
314 2253 394 2328 Rex
418 2251 614 2330 mitiliimus
635 2253 767 2328 Nobili
795 2255 879 2330 viro
904 2255 1016 2330 dixit:

18 2361 69 2434 cape
89 2349 167 2424 hae.
235 2351 287 2424 Hi
314 2351 553 2426 meditatione
582 2349 642 2426 sua
670 2353 775 2426 brun
806 2353 1015 2446 animantia,

21 2459 80 2555 llam
93 2447 256 2523 homines
273 2449 417 2523 ratione
431 2449 602 2544 preditos
621 2449 733 2562 magis
749 2449 1014 2544 repraesentant

17 2531 65 2644 lec
81 2546 324 2640 perpendunt,
355 2545 566 2622 Creatorem
590 2545 800 2622 omniscium
826 2547 949 2622 omnia
967 2547 1016 2624 fi·

14 2641 176 2742 uentillime
204 2645 243 2717 in
270 2643 414 2718 illorum
438 2643 537 2718 usum
562 2643 713 2736 measse,
747 2666 817 2719 nec
843 2647 1015 2723 memine-

14 2747 72 2840 unt,
93 2743 210 2814 omnia
232 2741 293 2814 illa
311 2741 450 2834 optima
466 2740 548 2834 else,
572 2765 650 2837 que
664 2743 702 2817 in
717 2743 901 2838 principio
919 2767 1016 2822 crea-

14 2843 46 2937 ut
70 2833 355 2930 Sapientiliimum
391 2837 551 2916 Numen.
618 2841 710 2932 His,
746 2839 916 2936 inquam,
954 2845 1015 2938 qui

14 2921 125 3028 luendis
152 2958 231 3011 non
262 2935 341 3010 sunt
366 2935 516 3028 imbuti,
548 2937 713 3012 nauseam
744 2939 881 3012 excitat
905 2962 1015 3015 omne

14 3019 45 3112 l,
66 3033 149 3122 quod
221 3032 353 3106 riosum
385 3033 554 3128 adpellari
578 3033 717 3124 suevit,
749 3033 1014 3114 &scrutinium

14 3135 104 3198 laura
126 3151 219 3226 quar
245 3131 461 3206 dementiam
488 3131 664 3224 quandam
689 3145 870 3226 reputant

23 3331 29 3344 ι
77 3243 249 3342 Tonstrina
274 3247 298 3342 (
308 3251 481 3346 christoph.
491 3245 516 3340 )
552 3231 777 3326 cum'Claile
805 3253 926 3328 indica
955 3251 1014 3330 In·

14 3327 69 3410 lam
91 3345 299 3420 orientalem
331 3361 482 3442 petens,
514 3349 558 3421 ab
585 3348 771 3424 inurbanis
804 3351 1015 3444 quibusdam

14 3437 90 3508 lautis
105 3437 218 3518 sannis
237 3441 401 3537 quotidie
422 3459 596 3540 exceptus
614 3443 688 3536 est,
715 3447 765 3520 ob
783 3447 877 3522 suam
895 3449 1013 3526 curio·
1143 3489 1149 3504 ·

14 3521 123 3620 itatem,
146 3539 241 3633 quasa
256 3539 347 3615 nihil
362 3541 458 3614 aliud
474 3541 569 3616 hisce
585 3539 672 3616 esset
685 3541 889 3638 honestum,
907 3569 1013 3641 quam

14 3629 73 3735 llud
87 3633 125 3706 ad
140 3649 273 3712 ventos
291 3637 453 3714 &undas
469 3639 680 3734 pertineret.
730 3641 787 3716 Ut
808 3645 887 3736 ejus
907 3645 1013 3722 itine-

14 3739 101 3804 anum
120 3737 213 3829 mser.
240 3733 408 3810 ostendit.

73 3849 250 3966 Bonstblur
277 3851 412 3952 (Jub.)
438 3877 520 3930 cum
544 3855 769 3935 Surimmum
787 3847 1010 3958 perveniret,

14 3935 236 4028 ’binnanones
268 3953 322 4028 ibi
353 3955 392 4030 in
406 3979 410 3990 ·
423 3951 587 4142 Higosria
616 3957 770 4056 natutali
805 3957 1013 4136 institffiz
