2564 4762
248 267 755 376 qommssmomancn·
953 287 1032 376 aq

19 475 68 546 rc,
85 465 146 546 'qam
164 453 319 550 undique
335 453 655 546 circrrmfdrrdilur,
686 451 843 546 assumit,
871 475 939 550 per
958 457 1034 551 pla·

23 563 130 624 cenum
141 553 355 642 autemnam,
385 565 555 646 tanquam
571 551 812 642 ervitelo,
849 551 932 628 dum
960 575 1034 650 ope

18 649 139 724 funiculi
164 641 376 750 umbilicalis
408 650 481 744 ipsr
500 647 702 723 infunditur
729 649 869 746 sanguis
902 655 1032 732 mater·

18 767 85 834 nus3
105 759 457 822 excrementaautem
473 746 661 820 elianinure
681 767 757 820 non
773 747 906 840 potest,
930 751 1032 843 prius
1057 819 1060 824 .

18 865 98 934 quam
113 845 223 921 libero
241 845 423 938 expostus
447 844 543 934 adri,
574 840 826 938 respiraverim
854 846 951 920 unde
974 839 1031 940 m,

18 953 97 1014 uter·
114 955 310 1027 memorato
328 941 532 1034 albuminc,
550 941 607 1014 :in
633 939 812 1014 intestinis
839 941 945 1016 foetus
972 965 1033 1056 ge-

21 1052 154 1112 nerentur
174 1037 293 1114 sordes
311 1052 456 1113 tenaces
474 1061 516 1112 ac
539 1039 671 1134 nigrae,
695 1039 799 1112 velut
815 1039 879 1134 pix
897 1039 1034 1134 liquida

22 1131 163 1227 denar,
188 1143 267 1230 quir
285 1133 837 1226 medicis'Mrmniumdicuntur‚'
858 1135 940 1230 post
952 1161 1033 1234 par·

20 1243 72 1307 tm
91 1233 334 1327 expellenda·
362 1233 470 1309 Alma
486 1255 608 1308 rerum
627 1247 766 1326 mater,
788 1233 954 1329 Natura,
979 1236 1034 1315 iu·

17 1326 119 1404 fantem
140 1331 737 1408 adversoeomnesxelcmentorum.
756 1331 927 1425 injurias,
955 1335 1033 1428 qui-

17 1423 81 1518 bus,
103 1429 322 1524 relistasedc
347 1429 483 1524 prima,
508 1429 726 1523 exponitur,
750 1427 891 1526 ¹optime
916 1431 1034 1506 muni·

16 1520 70 1598 vit:
93 1524 262 1603 Contexit
279 1527 447 1602 nimirum
468 1527 837 1622 cmquculmu‘pituita
861 1527 1034 1626 massoni,

14 1641 48 1694 ue
66 1621 240 1702 fibrillaer&
259 1625 440 1719 papilluloe
461 1623 608 1714 tenelli,
635 1623 733 1718 quid*
746 1625 954 1700 detrimenti
973 1647 1034 1701 'ca-

13 1717 113 1810 piant3¹
132 1723 255 1800 Oculis·
268 1722 367 1796 intus
394 1721 557 1814 prandio
577 1719 635 1794 lest
658 1719 783 1796 tunica
809 1723 1034 1820 Halleriana,

12 1818 131 1890 nevisul
143 1832 305 1897 noceant
320 1817 439 1894 subito
460 1817 755 1912 supervenientes
770 1819 860 1894 radii
877 1821 1033 1913 solares3

14 1913 101 1988 Aures·
115 1918 257 2010 penitus
281 1915 369 2012 sunt
394 1913 540 2008 clausa,
562 1939 610 1989 ne
632 1915 711 1990 soni
733 1918 1035 1998 vehementiores

13 2013 196 2090 membranis
214 2014 383 2109 tympani
403 2015 482 2088 vim
506 2013 682 2103 inserant3
708 2015 860 2089 Naribus
876 2038 955 2093 non
971 2019 1033 2092 de-

13 2105 105 2182 estsua
120 2109 332 2198 intrinsecus
351 2111 503 2206 pituita,
529 2131 577 2183 ne
596 2113 1033 2208 graveolentiaolfastunr

15 2205 93 2280 nimis
108 2208 247 2284 feriant.
274 2205 495 2302 ¹Liquorem
515 2208 671 2302 denique
688 2217 881 2283 nutrimento
902 2213 1033 2298 recen's

17 2315 80 2374 nato
99 2307 288 2384 destinavit
310 2308 420 2402 longe
444 2306 644 2400 optimum,
670 2307 731 2400 qui
755 2305 927 2382 facillime
945 2309 1033 2384 hau-

21 2397 234 2494 suumomni
256 2403 458 2479 acrimonia
476 2401 709 2495 destituatur,
734 2399 872 2498 optime
894 2407 1034 2482 nutriat

20 2513 52 2566 ac
66 2498 184 2595 digestu·
200 2502 307 2580 haud.
326 2499 566 2589 difficilem
579 2554 582 2563 Δ
596 2521 674 2593 que
696 2502 938 2596 proprietates
963 2505 1031 2580 fin·

16 2596 79 2684 pla
106 2600 183 2676 laeti
213 2615 381 2677 materno
418 2601 644 2692 competunt.
706 2597 774 2686 Ast
804 2597 1032 2698 summopere

16 2689 192 2790 videndum,
218 2711 280 2789 ut,
308 2709 498 2789 antequam
520 2693 959 2794 momentum-recipiat
976 2701 1031 2776 ln·

14 2785 87 2882 lans,
107 2797 225 2888 primae
243 2795 314 2868 vite
332 2795 506 2870 meconio
520 2791 625 2868 disto
648 2796 908 2887 exonerentur,
931 2797 1031 2892 quod

13 2889 417 2990 umnnuaadegencrabit
438 2891 476 2968 in
501 2889 690 2986 matricem
710 2914 753 2966 ac
778 2891 1031 2994 scaturiginem

13 2983 211 3070 plurimorum
236 2989 760 3083 morborumchronicorum,
778 2993 915 3084 quales
947 2994 1030 3068 sunt

13 3071 174 3180 lomna,
203 3085 355 3164 Hcdilta
376 3085 737 3180 puerilis,28cabies,
763 3087 847 3182 alii,
872 3111 1029 3184 quorum
1134 3144 1137 3150 .

12 3186 141 3277 exempla
169 3187 212 3264 in·
237 3183 637 3284 medicorum-scriptis
664 3185 784 3280 paffim
813 3199 1027 3270 occurrunt.

12 3267 165 3368 Ejusmodi
179 3281 621 3379 autempumam'quod
646 3282 777 3356 infanti
795 3283 1029 3360 necessarium

13 3379 250 3476 ostendimus,
272 3381 373 3462 malo
393 3378 456 3473 ipsr
475 3380 622 3475 opponi
639 3379 672 3453 ds
687 3379 845 3474 subjetto
866 3382 1029 3477 adprime

8 3478 176 3555 eonvenire
197 3479 333 3565 debeta
357 3478 530 3570 quocirca
546 3478 614 3568 lit,
646 3472 690 3566 n)
712 3477 838 3553 sormae
865 3479 1026 3578 liquide,

12 3562 38 3676 l)
52 3567 227 3658 sufficienti
247 3573 414 3652 constans
439 3575 610 3650 vehiculo
629 3575 836 3671 depingite,
861 3591 905 3651 ut
927 3595 1028 3658 tena-

11 3679 125 3748 citatem
146 3673 307 3751 meconii
328 3671 518 3764 dissolvat,
545 3683 736 3768 totumque
755 3677 881 3750 wion
896 3691 1028 3773 purget

10 3765 284 3873 rc4emolliat,-1r)
301 3771 401 3852 omni
417 3769 628 3847 destituatur
642 3771 875 3866 acrimonia,
899 3795 948 3847 ne
970 3774 1027 3847 ni-

11 3870 55 3935 tu
75 3865 244 3961 stimulet,
273 3883 335 3946 aut
363 3867 535 3951 corrodat
557 3866 765 3950 senfiliilima
786 3869 903 3946 adhuc
931 3871 1033 3944 inte··

13 3947 84 4036 lina.
121 3967 210 4046 Hac
229 3957 912 4138 verothttistakcommodlpurgantiq
936 3989 1025 4079 con·

445 4111 447 4116 ,
551 4085 572 4140 2
613 4082 614 4086 ’
931 4077 1028 4143 tmet
1087 4131 1092 4140 .
