2564 4762
308 225 718 310 RHABARBARUM.
761 297 766 306 .
966 257 1038 332 με]

11 410 121 484 ionem
152 406 314 499 excitet,
354 405 526 502 ideoque,
552 405 674 484 astum
710 410 1035 504 vehementiorem,

11 508 71 678 {aa
89 508 217 678 itffie
234 505 337 580 radix
352 505 437 594 heic,
454 518 595 580 tautum
613 519 745 600 nocet,
768 527 947 631 'quandem
964 525 1037 600 aci.

45 627 112 700 pro
201 657 213 676 .

72 719 129 798 Ut'
146 720 459 798 Amuermmuumn
481 731 612 794 contra
639 741 781 798 vermes
806 736 1034 812 commenda·
1110 761 1113 780 ·

11 843 57 908 u,
79 821 165 914 quia
189 817 388 892 aeidum&
411 837 575 910 marcum,
607 819 669 912 qui
692 824 869 900 vermium
893 831 945 905 est
969 835 1034 909 do·
1112 861 1118 880 .

11 917 176 1008 ricilium,
210 915 338 1011 sapore
365 913 428 988 suo
455 937 577 989 amaro
606 917 723 992 tollit:
750 934 923 1014 preterea
946 951 1033 1006 nau.

11 1015 74 1090 roso
99 1013 165 1088 suo
192 1013 310 1088 halitu
335 1025 480 1086 vermes‘
502 1011 641 1102 irritat,
673 1013 840 1114 &magis
859 1022 975 1101 adhuc
992 1030 1034 1104 vi

11 1111 308 1208 uaadstringente
335 1109 461 1184 tonica
488 1110 586 1184 laedit
614 1111 697 1184 ilios
719 1113 753 1186 dr
774 1135 948 1216 evacuat,
978 1126 1040 1202 in·''

11 1211 176 1306 estinaque
204 1209 444 1296 corroborem
479 1209 721 1302 comperimus
742 1214 861 1306 enim,
883 1221 1033 1314 eosdem

11 1309 198 1384 utiffimum
222 1305 348 1398 iniis,
375 1305 437 1399 qui
460 1305 646 1379 debilitate
667 1311 915 1388 ventriculi&
939 1317 1031 1393 inte.

11 1409 150 1482 tinorum
180 1404 373 1495 laborant,
397 1403 587 1498 generari,
620 1401 739 1479 minus
763 1422 884 1484 autem
907 1411 945 1488 in
970 1416 1029 1510 iis,

11 1528 128 1597 uorum
157 1503 285 1598 primae
314 1500 384 1573 viae
409 1500 536 1574 debito
561 1497 720 1597 gaudent
741 1505 900 1602 robore,
928 1513 1032 1597 utin

11 1603 102 1678 elidis
119 1601 157 1676 dt
182 1598 404 1674 exercitatis.

324 1813 328 1822 ·
401 1790 611 1868 USUS.

69 1939 101 2028 ς.
117 1933 226 2009 XIV.
256 1931 301 2006 In
317 1929 648 2008 DYSENTERIA
666 1932 700 2006 ἀ
718 1932 1027 2020 DIARRHOEA

11 2033 109 2106 ullum
132 2033 369 2128 pharmacum
392 2029 548 2104 securius
572 2031 806 2105 Rhabarbaro
834 2036 1027 2128 prescribi·

11 2153 59 2220 ur,
85 2129 188 2224 quod
212 2139 368 2203 evacuat
386 2149 463 2202 mon
488 2126 602 2202 solum
623 2149 705 2201 acre
725 2129 763 2202 in
786 2131 911 2225 primis
938 2137 1025 2232 viis,

11 2225 43 2298 'ed
57 2227 181 2321 postea
205 2227 316 2300 etiam
343 2225 560 2298 comoborat
579 2223 613 2298 dr
631 2223 836 2323 adstringit,
869 2227 1027 2326 ideoque

13 2339 72 2397 uter
88 2323 262 2420 primaria
283 2321 449 2418 specifica
468 2321 679 2416 dysenteria
700 2337 925 2416 numeratum
948 2331 1025 2406 nul.

11 2441 56 2494 ,um
73 2423 196 2517 itaque
217 2421 414 2496 remedium
431 2420 612 2516 vulgatius
632 2417 706 2510 est,
732 2441 837 2514 quam
860 2421 1027 2504 drachma

12 2537 53 2592 uu
78 2519 196 2598 Rhab.
227 2517 436 2614 pulverisuti
466 2539 536 2612 pro
567 2517 642 2592 dosr
675 2529 815 2612 aegrotu
846 2521 1023 2618 exhibita,

12 2613 82 2707 dque
97 2641 163 2712 per
188 2617 280 2690 duos
300 2627 363 2690 aut
383 2628 456 2688 tres
476 2613 552 2688 dies
573 2615 793 2704 continuom
819 2639 892 2711 quo
908 2622 1023 2697 unico

12 2715 119 2790 mrbus
139 2717 352 2810 plerumque
369 2713 521 2788 tollitur.
553 2711 679 2806 Itaque
697 2711 913 2805 Sydenhami
931 2719 1022 2793 alio·

12 2831 121 2904 umque
142 2813 292 2887 consdia
313 2808 446 2902 secuti,
472 2809 590 2884 Prima
611 2811 669 2884 die
691 2809 791 2884 dosm
811 2813 1022 2892 exhibemus

12 2907 196 2990 habarbari
212 2907 320 3000 tosti,
344 2908 378 2980 dr
394 2929 475 2982 eum
491 2907 552 2980 illa
568 2921 733 3002 optatum
754 2909 918 3002 prestitit
933 2913 1021 2990 effe·

12 3005 92 3099 ium,
121 3006 236 3082 Laud.
266 3005 390 3100 liquid.
419 3017 537 3102 guttas
562 3027 634 3080 xrr.
659 3003 874 3098 potiffimum
900 3011 938 3084 in
964 3013 1019 3085 vi·

12 3103 65 3175 ello
84 3105 170 3198 ovi,
195 3103 320 3200 spiritu
336 3103 507 3178 frumenti
525 3103 738 3198 coagulato,
766 3103 914 3199 vespera
934 3129 1020 3202 pro·

12 3199 161 3292 inamus3
199 3197 364 3275 Secunda
396 3199 473 3294 die,
511 3213 677 3294 tempore
705 3203 907 3297 memtino,
946 3227 1020 3281 una

12 3299 67 3372 ofis
85 3298 326 3402 Rhabarhari‚
358 3299 540 3392 alteraque
568 3295 737 3390 vespera,
769 3299 929 3376 absoluta
960 3325 1018 3377 ca-

12 3397 97 3489 iam,
119 3396 280 3494 ejusdem
303 3395 416 3470 Laud.
439 3396 501 3490 liq,
526 3395 736 3484 exhibetur3
770 3395 899 3472 Tertia
927 3423 1018 3494 quo·

12 3511 48 3563 ue
62 3495 116 3568 die
128 3495 204 3590 pari
220 3494 363 3568 ratione
380 3491 642 3590 progredimur,
660 3515 730 3586 qua
747 3495 874 3590 prima,
939 3523 1018 3574 uar-

12 3605 69 3666 rut
86 3591 255 3684 secunda,
279 3591 491 3695 &Quinta,
516 3603 558 3664 ut
581 3590 697 3685 prima
714 3589 791 3665 die:
820 3617 894 3688 quo
918 3597 1017 3674 'auo

12 3705 124 3781 tgrotus
152 3693 362 3786 plerumque
385 3688 584 3764 restituitur
603 3687 758 3762 sanitati.

67 3807 448 3886 LEUCORRHOEA
471 3805 605 3882 Anima
622 3805 842 3882 Rhabarbari
861 3807 1017 3884 maxime

12 3919 137 4004 uuna,
159 3929 239 4006 quae
251 3911 400 4016 {egroto
422 3905 555 4080 quri’vis
574 3905 655 4000 die,
679 3925 784 3982 mane
803 3905 838 3982 δι
860 3903 1019 4070 uesperi(i

535 4025 555 4078 2
972 4017 994 4071 ἃ
1056 4035 1067 4051 ·
