2680 4770
273 260 323 340 66
486 239 794 336 OBSTACULA
824 253 1113 336 MEDICINAE.

315 433 530 514 Laureeerasus
550 451 647 512 neque
664 437 694 498 in
716 435 822 510 phthisi
848 453 945 514 neque
970 438 1001 498 in
1025 434 1212 514 syphilidde,
1234 451 1311 515 quen

359 535 446 595 quam
472 518 619 578 laudabile
643 517 824 590 remedium,
846 520 1022 594 usurpetur,
1049 519 1090 578 ob
1114 519 1221 578 veneni
1245 521 1311 578 ieter

150 609 156 620 ·
359 600 398 660 tie
430 597 633 670 suspicionem.
692 597 872 676 Puisatiiia3
905 599 989 679 cujus
1014 600 1097 660 radix
1127 599 1309 660 strenuumr

358 679 513 756 hystoriam
536 680 696 750 auxilium,
725 680 861 740 obsoleta
884 681 943 749 est,
968 696 1034 741 cum
1061 681 1217 756 iieivigiue
1239 680 1311 740 obser

356 771 442 821 viret
468 762 634 835 quendam,
669 761 779 835 syrupo
807 777 842 820 er
867 777 901 820 ee
926 776 1031 834 parato
1063 763 1167 831 usum,
1201 761 1311 820 interire

360 841 439 918 quesn
461 857 535 900 vero
562 855 653 914 potus
670 842 846 901 inebriantes
870 842 940 900 ideo
965 842 1107 901 exsecrari
1128 841 1264 900 homines
1286 843 1311 898 de

355 925 482 989 herent,
502 921 585 995 quod
607 922 696 982 abusu
712 922 831 981 iliorum
854 925 972 997 quidam
988 922 1177 997 &rationem
1199 920 1230 984 dr
1249 924 1311 982 viter

357 1002 551 1080 pessumdent.
611 1003 730 1083 Lignum
760 1001 962 1076 colubrorum,
995 1005 1024 1062 in
1049 1005 1107 1063 ictu
1133 1001 1311 1062 venenatos

358 1099 501 1161 quartana
521 1084 657 1154 celebre,
679 1085 765 1142 etiem
777 1085 897 1148 vitatur.
937 1083 1243 1162 Mandragoreusurn
1259 1099 1311 1142 cun

357 1165 498 1226 mendure
518 1180 606 1222 nemo
631 1165 693 1224 sere
710 1163 817 1236 audet,
842 1167 977 1240 quemvis
1003 1167 1081 1222 vires
1100 1165 1164 1237 ejus
1190 1166 1227 1224 ad
1247 1164 1311 1238 poda

356 1261 438 1323 ¹grem
471 1245 676 1305 monstraverit
700 1244 896 1319 Scheoperun.
954 1241 1158 1318 Bessadonna,
1189 1259 1223 1304 ut
1245 1247 1311 1304 viros

332 1389 336 1398 ,
358 1331 389 1388 in
414 1327 495 1386 usum
521 1343 581 1386 non
611 1339 756 1398 vocetur,
789 1343 876 1401 quem
901 1340 997 1386 tamen
1024 1330 1060 1384 eb
1083 1342 1117 1384 eu
1141 1325 1311 1402 insignem

287 1465 298 1486 ,
356 1423 489 1470 tumores
514 1421 702 1469 mammarum
728 1407 962 1481 compescendos
984 1404 1149 1482 exspectare
1173 1409 1256 1469 licet.

374 1633 408 1704 ς.
436 1609 572 1708 Abusus
599 1608 920 1701 circunzfmuneorum
944 1613 988 1696 ἃ
1011 1613 1190 1684 admones
1217 1619 1311 1708 expers

273 1726 390 1786 menta.
443 1710 493 1783 Hi
528 1707 797 1782 absterruerunt
823 1731 842 1780 a
872 1708 1065 1781 clarissimis
1096 1712 1311 1781 medicamen

275 1809 322 1882 tis
351 1829 490 1901 aegros,
521 1807 571 1878 ita
599 1819 641 1878 ut
659 1804 827 1878 Medicus
851 1828 893 1878 ea
912 1804 1108 1898 propinare
1133 1820 1311 1878 vererenn

276 1903 570 2000 quandoquidem
594 1901 851 1976 formidolosus
872 1924 967 1998 aegro
986 1900 1210 1994 aduersarius
1232 1902 1311 1978 fider

275 2005 338 2076 vel
362 2003 486 2097 potius
508 2001 633 2074 fircum
659 1999 838 2092 faciebat,
869 2000 963 2072 idern
983 1999 1016 2070 ei
1041 1997 1211 2074 destinari
1236 2003 1311 2095 phur

275 2117 442 2192 mecum,
482 2098 581 2192 quod
616 2095 695 2170 aliis
732 2096 865 2170 dudum
900 2109 1056 2173 mortem
1097 2097 1311 2172 accelerasse

275 2222 341 2294 per
368 2197 572 2290 sequidem
602 2196 805 2288 innocens,
837 2208 875 2268 at
900 2193 1158 2288 intempestiva
1185 2197 1311 2291 adplica

275 2297 381 2370 tione
406 2293 573 2370 noxium.

320 2436 484 2501 Veratrum
501 2440 574 2500 oiim
593 2438 766 2511 deplorator
787 2439 898 2500 sanevit
911 2439 1053 2512 morbos,
1074 2438 1226 2498 erroribus
1244 2447 1311 2496 rure

355 2525 534 2596 Agyrtnrum
559 2517 589 2581 dc
612 2518 673 2580 dofi
697 2519 774 2594 justo
800 2521 877 2581 sorte
903 2520 1007 2594 rnujori
1030 2519 1137 2578 sedium
1165 2521 1225 2590 esi,
1258 2515 1311 2575 uti

357 2602 578 2661 desuetudinem
593 2601 713 2672 abierit,
735 2601 911 2660 reviviscere
930 2617 1025 2660 autem
1047 2603 1161 2672 incepit
1176 2597 1311 2660 Elaieriur

358 2681 388 2742 dt
413 2678 605 2760 Colocynibis.
649 2678 798 2760 Franguie
823 2689 925 2742 cortex
951 2683 1104 2740 heroicum
1130 2681 1171 2738 est
1196 2691 1311 2753 purgans

354 2761 470 2822 Medici
494 2775 676 2819 tamencum
697 2761 884 2832 praescribere
906 2766 957 2822 vix
979 2762 1136 2834 sustinent,
1158 2761 1238 2820 sorte
1255 2755 1311 2816 vesi

357 2843 413 2922 giis
434 2841 527 2902 tenid
548 2840 784 2920 audacusorum‚
802 2845 852 2918 qui
869 2847 984 2902 nimiam
1004 2842 1067 2916 ejus
1091 2843 1252 2901 exhibuere
1270 2851 1311 2911 nor

356 2925 480 2983 tionem.
527 2920 594 3002 Opii
614 2925 716 2992 usum,
741 2925 789 2983 vel
807 2937 960 2985 externum
982 2924 1033 2984 diu
1053 2924 1252 2984 recentiorum
1274 2920 1311 2993 piu

353 3005 421 3066 rimi
442 3002 682 3064 reformidarunt.

368 3177 404 3260 ’6.
440 3179 612 3258 Tinzidit'as
637 3187 829 3258 medicorum
849 3187 893 3272 ἐξ
913 3194 1039 3276 cautio,
1065 3211 1104 3259 ne
1127 3191 1225 3281 egris
1250 3201 1311 3256 noce

274 3299 346 3359 reni
378 3285 559 3358 exhibendis
585 3287 732 3376 remediis
762 3287 987 3357 validioribus.
1040 3286 1162 3387 Quam
1187 3283 1237 3356 ob
1263 3297 1311 3351 rei

275 3382 376 3456 lenta
405 3380 543 3474 potius,
559 3379 845 3470 medicamenta,
877 3382 992 3454 veluti
1025 3381 1137 3456 seduli
1165 3377 1311 3476 speciatu

276 3501 358 3572 ree,
388 3499 494 3570 quarn
517 3475 661 3550 strenua
687 3477 938 3550 adhibuerunt.

315 3625 360 3686 Ex
384 3623 440 3683 hac
469 3624 549 3683 sorte
578 3627 694 3684 ratione
719 3624 859 3683 Srrhiinni
885 3622 976 3685 (bine
998 3629 1133 3691 corticem
1161 3629 1311 3690 aversantur

357 3707 494 3780 quemvis
515 3707 683 3780 ignorantia
708 3706 865 3764 Borrnicee
891 3707 1014 3775 elegerit
1039 3708 1249 3785 Cosconium,
1278 3721 1311 3762 αἲ

357 3788 443 3846 mian
465 3789 531 3846 sane
552 3786 581 3844 in
601 3788 863 3852 exacerbanrihus,
895 3801 1024 3844 ceterum
1049 3806 1109 3847 non
1134 3793 1231 3849 omnir
1258 3783 1311 3844 mel

359 3867 478 3942 ‘nitatis
504 3879 667 3938 expertem.
720 3864 907 3933 Elateriom,
930 3867 1014 3939 quod
1043 3871 1198 3930 drasiicum
1223 3869 1311 3942 quido

358 3945 421 4026 esi,
451 3947 570 4007 minime
592 3959 692 4007 temen
718 3961 777 4008 um
803 3944 995 4020 horrificum,
1025 3964 1060 4011 ut
1085 3967 1124 4012 ne
1147 3954 1179 4012 in
1204 3948 1311 4084 hydrffi

757 4055 760 4060 ·
1254 4043 1269 4086 e
