2564 4762
244 249 451 332 tturnut
477 243 746 382 uovrncn
954 243 1027 344 aa,

13 455 74 516 uter
95 433 350 512 dormieudmn
368 433 537 529 pufionee
553 445 816 524 nonnunqum
830 423 1029 522 -t'uffocent,

13 561 62 610 un
96 549 224 610 contra
258 555 324 630 per
361 523 477 626 rogerie
509 543 642 604 matres
680 525 798 602 soboli
834 525 1031 602 vehentem

13 659 38 710 rt
58 635 227 723 timeant,
255 627 551 706 &studioflffime
597 625 798 702 revideant
820 625 943 700 omnia
965 623 1031 719 ipst

13 733 165 823 ocitura,
192 751 301 824 quam
325 726 552 802 ob'cauffarn
573 651 702 800 invius·
722 723 859 818 semper
884 723 940 797 hae
961 724 1029 798 ob·

13 831 225 922 ormiscnnt,
265 827 412 902 &raro
447 824 703 900 detrimentum
733 821 940 902 nutriendis
974 821 1029 902 in‘·

13 943 106 1004 trull&
244 981 248 990 ι
680 977 687 987 ·
864 951 867 959 '
936 985 940 992 ,
985 962 1018 994 .·

74 1025 230 1101 Infinitis
257 1025 366 1099 etiarn
387 1021 562 1117 exemplis
586 1041 656 1095 not
681 1019 815 1094 edocet
840 1025 1029 1119 experien.

13 1127 50 1218 ia,
70 1124 288 1220 propensum
312 1123 413 1196 illum
439 1120 632 1204 inliberos
661 1117 838 1194 adfectum
862 1122 1028 1200 lactando

13 1227 114 1318 tajora
148 1222 265 1296 indies
298 1241 428 1316 capere
459 1217 704 1310 incrementa,
740 1217 931 1294 &matres
955 1243 1029 1298 ma.

13 1325 50 1394 ui
71 1319 213 1416 prorsus
235 1339 358 1392 amore
371 1319 453 1390 illos
476 1313 640 1410 amplecti
659 1314 818 1410 liberos,
843 1339 934 1412 quos
958 1319 1028 1402 suit
1114 1309 1118 1324 ’

13 1421 147 1493 bcribus
173 1417 428 1509 nutriverunt,
457 1437 561 1509 quarn
581 1435 694 1508 quos,
720 1415 747 1489 fi
768 1413 829 1522 qui
849 1417 940 1510 srnt,
962 1439 1027 1494 nu·

13 1518 124 1592 ritibus
151 1515 303 1590 alendos
323 1512 601 1588 commiserunt.
718 1579 726 1604 x

70 1607 111 1690 ln
129 1615 250 1690 Gallia
262 1611 413 1708 aliisque
429 1611 664 1710 regionibus,
690 1612 802 1709 magis
818 1635 922 1708 quam
942 1614 1028 1689 Sue·

14 1713 60 1804 it,
82 1712 160 1785 usus
185 1709 361 1804 invaluit,
386 1709 543 1784 inianter
565 1707 684 1783 statim
708 1710 791 1806 post
812 1725 956 1807 partum
984 1713 1030 1786 ad

13 1811 141 1886 eminam
170 1808 370 1904 quandam,
401 1809 475 1882 ruri
498 1805 743 1902 habitantem,
771 1807 806 1881 dt
831 1812 1028 1906 puerperio

13 1931 91 2002 uper
107 1907 340 1996 netunuam,
371 1905 584 1997 emittendi,
608 1921 650 1978 ut
670 1905 714 1978 ab
737 1906 798 1979 illa
822 1909 1028 1984 nutriantur
1110 1931 1119 1942 ·

13 2005 254 2080 inducentur:
279 1999 338 2078 sed
365 2018 623 2106 pgaeterquarn,
647 2005 747 2098 quod
771 2025 873 2078 antor
899 2006 938 2081 in
962 2029 1028 2102 pu·

13 2103 106 2197 ionem
135 2102 350 2200 proprium,
387 2101 628 2176 adventitium
653 2101 780 2176 reddat
803 2102 1027 2202 privignum,

13 2199 84 2276 lien
110 2199 201 2298 saepe
230 2198 310 2275 fieri
335 2197 478 2296 potest,
509 2213 552 2274 ut
576 2199 712 2274 rustico
740 2221 874 2298 genere
902 2201 1028 2278 orium:

13 2294 83 2392 dunt,
102 2301 190 2373 loco
209 2295 360 2394 nobilis,
384 2297 566 2392 recipiant
579 2314 761 2392 patentes,
789 2298 1027 2396 quiquidem,

14 2389 34 2468 te
55 2397 214 2492 deceptos
246 2393 317 2470 effe
343 2397 411 2470 vix
444 2394 633 2492 percipere
669 2395 838 2492 poliunt,
875 2409 1029 2492 propter
1119 2473 1126 2489 ,

14 2496 167 2570 continuas
196 2493 305 2569 faciei
331 2491 366 2568 dt
391 2495 696 2568 lineamentorum
727 2495 890 2584 omniunt
912 2508 1028 2570 muta·

14 2589 118 2684 dones,
142 2593 196 2667 ita
222 2589 312 2688 sepe
339 2591 551 2682 evidentes,
577 2605 623 2679 ¹ut
647 2593 760 2684 oculi,
786 2593 983 2687 quistatim
1007 2615 1030 2686 a

14 2690 167 2766 incivitate
191 2691 339 2764 coerulei
364 2704 481 2782 erant,
509 2689 547 2762 in
572 2687 788 2783 subrubros,
815 2691 951 2787 ipnque
969 2713 1027 2766 ca·

15 2785 61 2858 illi
81 2789 115 2862 in
136 2789 247 2862 aliurn
271 2801 378 2883 atque
401 2788 510 2861 alium
535 2789 700 2862 colorem
726 2801 925 2866 nauseant.

73 2885 229 2982 Ingenue
257 2897 376 2960 tamen
404 2885 581 2976 fatemur,
617 2885 818 2960 infantibus
853 2885 1027 2961 conduci·
1074 2924 1077 2934 ·

15 2981 84 3055 llius
102 2983 193 3076 elic,
219 2995 260 3058 ut
277 2981 368 3058 ladte
391 2983 544 3058 nutricis
571 3005 676 3077 quarn
700 2985 839 3058 bubulo
866 2986 1052 3059 alanturz·

15 3099 56 3151 tot
82 3083 175 3158 enim
206 3073 247 3173 a)
273 3081 392 3155 statim
414 3103 456 3154 ac
478 3103 525 3155 ex
549 3083 720 3156 uberibus
746 3081 936 3156 emulttum
961 3081 1027 3170 est,

16 3173 221 3274 'turgescere
251 3179 404 3274 incipit,
433 3178 543 3252 ctafin
573 3191 710 3272 mutat,
742 3171 782 3271 l)
808 3177 951 3252 diverso
977 3178 1027 3251 sa·

16 3293 71 3348 ure
93 3278 163 3368 eli,
189 3271 227 3370 c)
245 3279 368 3350 calore
388 3275 566 3367 nattuali,
590 3276 625 3348 ei
655 3276 716 3369 qui
740 3277 1028 3369 nutrietur,'ad-

16 3373 92 3446 trine
111 3373 307 3450 necess'ario
336 3373 562 3462 destituitur,
587 3393 630 3450 ac
654 3375 762 3449 stvel
787 3375 945 3449 maxime
969 3375 1029 3448 nd-

16 3483 83 3544 toto
104 3473 183 3568 igne
203 3471 375 3663 caleliatB
394 3487 514 3546 tamen
535 3472 580 3544 ab
604 3470 682 3567 ipso
698 3471 802 3562 vase,
830 3475 888 3547 cui
908 3473 1027 3553 infun·

17 3565 94 3659 itur,
119 3571 354 3662 alteratur,d
392 3569 452 3652 sur
478 3581 607 3652 natura
627 3571 720 3665 plur,
731 3571 827 3652 acidi
854 3585 1028 3667 generat:

17 3665 194 3742 :onfirmant
220 3669 259 3742 in
288 3669 340 3741 rei
367 3666 476 3742 fidem
507 3667 783 3742 observationes
808 3667 912 3744 Nob.
937 3669 1029 3742 Dzni

17 3757 154 3870 'tefidim
184 3766 363 3842 intinere
389 3763 607 3936 Lapponico
633 3763 815 3861 collecte,
852 3765 1029 3864 agricolas

18 3859 121 3967 udum
158 3861 459 3938 Westrobotnien
475 3883 512 3936 es
545 3863 721 3958 plurimos
752 3865 916 3939 omnium
950 3861 1027 3935 fere
1073 3906 1076 3920 ·

18 3969 165 4035 latronum
179 3960 378 4038 nostratum
394 3981 589 4058 procreare
603 3961 888 4060 liberoglolito
905 3973 1028 4134 Ἓξ

166 4099 172 4112 ·
723 4107 742 4150 c
902 4079 927 4154 P
1020 4139 1021 4142 ,
