2680 4770
246 310 273 384 4
389 277 547 374 uovn
576 277 907 358 Priuernum
937 267 1171 363 ornem.-

249 462 379 548 dr'verfi
404 461 546 560 generis
575 484 616 536 ac
645 460 747 554 usus,
786 485 894 557 quas,
926 477 1001 540 tam
1028 465 1159 560 siccas,
1199 481 1297 562 quam

248 565 378 653 vivas,
405 560 521 634 allatis
541 559 650 634 etiam
668 559 862 634 seminibus
887 583 1014 637 eorum
1040 567 1300 642 recentibus&

248 658 500 754 incorruptis,
534 656 693 732 adduxit.
752 657 944 752 Postquam
971 683 1062 735 vero
1087 666 1177 738 Nol.
1205 666 1297 738 Dua.

248 759 376 855 Praeses
403 757 510 849 huius
527 754 681 829 thesauri
704 754 817 829 satius
845 755 895 830 est
917 759 1123 852 particeps,
1150 763 1298 836 Medici-

245 879 302 932 nae
326 855 487 930 adhunc
511 852 746 927 Academiam
772 855 951 946 alumnis,
975 858 1174 933 mirandam
1195 861 1300 934 hanc-

246 975 313 1048 ce,
339 951 569 1045 scientiaeque
588 965 730 1026 tantum
747 951 947 1047 splendoris
966 954 1203 1049 adserentem,
1223 982 1299 1052 pre·

247 1051 425 1130 tiosorum
460 1049 611 1124 Naturae
646 1071 798 1144 operum
832 1051 1109 1144 collestionem,
1141 1070 1299 1131 contem·

246 1150 339 1247 plari
363 1149 434 1224 suit
457 1148 651 1242 integrum,
699 1146 781 1244 Ego
811 1169 904 1222 vero
932 1150 1093 1225 modeste
1120 1154 1230 1246 petii,
1261 1169 1302 1228 ut

246 1249 292 1322 ad
315 1249 444 1328 herbas
462 1244 674 1320 adeo-raras
694 1245 858 1339 penitior
875 1247 964 1322 mihi
987 1247 1206 1342 panderetur
1229 1253 1299 1324 adi·

246 1361 327 1438 tus,
360 1366 434 1439 quo
461 1344 679 1437 impetrato,
713 1357 860 1417 tenuem
891 1345 989 1420 hunc
1015 1349 1173 1442 excerpsi
1203 1349 1300 1422 fasci·

125 1489 126 1493 κ
246 1445 390 1535 culum,
423 1461 531 1535 quem
554 1440 648 1514 Orbi
674 1441 822 1516 literato
842 1443 903 1514 vel
921 1463 967 1516 eo
992 1446 1142 1518 nomine
1165 1447 1302 1541 aperire

245 1540 427 1632 sustineo,
458 1537 556 1632 quod
590 1537 698 1612 sciam
722 1537 792 1612 elle
814 1541 971 1633 mult0S,
997 1543 1058 1633 qui
1087 1544 1302 1619 amoenillimi

246 1639 354 1733 hujus
379 1636 534 1715 thesauri
566 1637 771 1730 pleniorem
805 1636 1012 1730 exspestent
1039 1641 1301 1735 cognitionem.

245 1735 333 1815 Hoc
369 1757 463 1812 vero
495 1735 745 1828 qualecunque
775 1736 846 1808 mei
877 1736 915 1810 in
944 1735 1129 1810 scientiam
1156 1739 1303 1814 Botani·

246 1855 328 1908 cam
350 1833 486 1910 amoris
514 1829 728 1924 specimem,
753 1831 863 1925 Tu0,
894 1831 935 1906 C.
953 1833 996 1906 L.
1022 1835 1143 1908 favori
1166 1837 1304 1916 &cen-

245 1931 334 2012 surae
351 1929 492 2014 mitiori
515 1944 730 2004 reverenter
753 1930 789 2003 &
812 1929 972 2006 officiose
997 1932 1228 2010 commendo.

714 2168 748 2258 §.
797 2161 845 2238 Il.

341 2319 499 2401 Deteila
538 2319 694 2417 primum
732 2319 999 2417 AMERICA,
1042 2269 1307 2406 notanicorum

244 2422 446 2500 attentioni
483 2420 521 2495 in
554 2440 656 2496 nova
690 2419 759 2494 hac
789 2420 884 2513 quali
913 2423 1043 2498 tellure
1072 2425 1309 2502 obvenerunt

246 2517 515 2598 numeros1ffimi
546 2517 679 2594 incolae
708 2517 748 2592 in
779 2517 909 2615 Regno
935 2521 1145 2618 vegetabili
1172 2546 1219 2598 eo
1246 2549 1309 2599 us-

244 2635 317 2711 que
336 2617 476 2714 ignoti3
502 2615 570 2690 Ast
587 2613 717 2688 cuneta
737 2615 850 2688 ferme
869 2619 1089 2714 vegetabilia
1114 2623 1188 2696 hoc
1214 2636 1310 2697 tem·

242 2737 336 2811 pore
365 2737 387 2790 e
413 2714 576 2789 tenebris
609 2726 733 2806 eruta,
770 2714 815 2786 ab
840 2713 1012 2790 America
1035 2718 1192 2794 Australi
1224 2719 1312 2794 sunt

228 2815 437 2906 translata,
462 2833 545 2886 cum
565 2824 687 2886 tamen
712 2833 782 2886 nec
808 2813 938 2886 unicus
965 2815 1109 2914 quidem
1131 2819 1312 2895 haetenus

241 2911 414 3010 regiones
442 2909 623 2988 Americae
649 2907 943 3005 septentrionalis
971 2914 1254 3012 pervestigalset.

339 3100 624 3180 CORNUTUS
658 3103 698 3178 in
729 3105 881 3203 Htfloria
912 3115 1103 3206 plantarum
1141 3115 1314 3188 Camasen-

232 3200 335 3301 Μ,
369 3204 480 3300 Paris.
505 3207 620 3294 1625,
647 3203 783 3298 primus
805 3206 946 3302 aliquot
967 3232 1086 3302 raras,
1113 3210 1201 3283 licet
1217 3233 1313 3304 pau·

240 3323 328 3396 cas,
368 3300 661 3396 septentrionalis
700 3301 880 3378 Americae
914 3308 1229 3416 herbas.,aperuit
1265 3329 1315 3386 ac

242 3421 329 3480 crim
354 3399 545 3474 Botanicis
573 3401 872 3477 communicavit.
1049 3409 1057 3432 ‘

335 3590 614 3685 BANISTER,
654 3594 822 3694 Anglus‚
863 3598 901 3674 in
935 3598 1140 3696 Virginiam
1179 3600 1317 3693 prose-

240 3689 340 3783 stus,
374 3713 506 3789 magno
540 3692 708 3789 flagravit
739 3695 915 3772 defiderio
952 3719 1070 3772 novas
1108 3696 1318 3793 indagandi

97 3837 100 3844 «
239 3790 396 3880 herbas,
421 3812 570 3884 quarum
597 3792 728 3866 multas
754 3793 798 3866 ad
822 3797 960 3870 amicos
988 3793 1070 3869 suos
1096 3797 1133 3870 in
1166 3795 1320 3890 Anglia

240 3888 456 3982 transmisit,
487 3909 560 3964 una
591 3912 674 3964 cum
703 3893 872 3988 catalogo
897 3899 1059 3968 rariorum
1086 3895 1148 3970 CL
1169 3899 1319 3988 plorata-

226 4009 337 4078 aeum,
365 4007 466 4084 quae,
491 3988 537 4072 ab
560 4009 608 4066 eo
633 3987 674 4068 in
695 3989 867 4090 virginis
889 3990 965 4070 Ate
989 3997 1095 4081 1680.
1122 3991 1319 4104 colleste,

237 4123 240 4130 '
1269 4109 1320 4167 m
