2578 4770
194 305 202 320 .
256 247 327 324 160
539 227 705 310 MORBI
735 227 799 302 EX
834 223 1031 304 HuEME.

256 419 459 502 Hiramdiuer
487 411 676 503 excipiunt
703 409 772 480 ima
798 409 962 497 lacuum,
989 404 1145 480 reddunt
1171 405 1278 479 easdem

254 513 393 594 mitiori
425 513 530 582 coelo.
583 505 866 611 Quadrupcdum
894 507 1031 578 vellera
1060 505 1155 598 pilos
1185 525 1278 597 geron

255 619 329 690 hoc
354 625 518 702 tempore
542 605 722 678 densiores
744 604 778 674 δι
796 602 1074 696 praestantiores.
1127 605 1217 675 Anas
1233 601 1278 670 hu

257 717 331 803 ser,
357 711 521 797 Friugllla
547 702 820 790 calcassem,
855 702 968 774 Telamo
987 701 1167 772 Coturnis
1187 699 1278 790 migra

258 811 362 886 toriae
398 805 478 877 sunt
509 801 552 874 ad
585 799 838 873 meridionalia
866 800 971 887 loca,
1013 799 1073 869 vel
1102 795 1218 868 saltem
1244 817 1276 864 ca

258 909 322 986 ubi
344 902 498 978 acccllus
525 900 569 972 ad
596 919 722 990 aquam
745 919 822 968 non
843 897 1037 988 impeditur
1062 915 1128 987 per·
1148 894 1278 988 glaciem

260 1010 423 1086 Alsium,
462 1005 604 1072 Sturum
637 995 807 1085 Cincius,
850 996 1026 1066 Emluriao
1056 993 1207 1079 niualis,
1239 1013 1278 1061 na

259 1128 337 1184 non
363 1100 423 1172 alii
446 1097 599 1172 Pallcres
617 1093 675 1164 sua
693 1105 879 1183 occupant
896 1091 1102 1180 domicilia,
1129 1090 1246 1184 frigori
1262 1108 1278 1158 u

261 1198 476 1279 conceditur
504 1193 615 1266 nimia
645 1191 715 1264 vis.
781 1194 905 1263 Cervus
936 1189 1067 1278 Alces,
1104 1190 1189 1260 llius
1208 1187 1278 1259 Lem

261 1323 362 1388 mus,
407 1297 521 1372 'serram
553 1291 749 1382 Lagopus,
788 1293 884 1360 Cumis
917 1285 1086 1380 Lagopus
1117 1285 1182 1358 soli
1213 1283 1278 1356 sunt,

262 1400 325 1494 qui
351 1398 388 1467 in
415 1387 641 1485 frigidiilimis
672 1386 872 1478 Lapponiae
900 1385 1039 1477 alpibus
1066 1383 1196 1476 hyeme
1216 1399 1278 1454 con

262 1493 395 1572 morari
422 1490 565 1562 audent.
617 1485 795 1558 Miramur
824 1483 908 1576 ipsi,
941 1481 1069 1575 quibus
1095 1475 1278 1576 contigitis

264 1593 392 1667 Suecia
409 1586 525 1676 nasei,
551 1584 717 1656 homines
738 1583 775 1654 in
790 1580 982 1674 Lapponia
1003 1581 1155 1669 vivere,
1180 1571 1278 1650 inlabi

264 1709 340 1766 tare
364 1681 547 1759 domicilia
571 1682 662 1754 aeris
682 1679 921 1752 vehementia
944 1679 987 1748 ab
1010 1678 1110 1749 omni
1136 1691 1230 1769 parte
1247 1693 1278 1765 pa

265 1792 353 1878 tula,
374 1785 407 1856 u
422 1779 673 1871 Rungifermum
688 1799 830 1872 gregem
849 1776 906 1846 die
921 1775 1099 1866 nosseque
1113 1776 1152 1847 in
1166 1767 1278 1869 gracili

264 1887 331 1960 rnis
361 1880 532 1976 procellis
558 1875 655 1969 sequi
680 1873 799 1968 polle,
834 1873 884 1946 ast
908 1872 1132 1945 consuetudo
1168 1872 1278 1944 multum

263 1983 346 2058 heic
365 1980 466 2070 facit,
491 1976 603 2048 &ubi
621 1973 816 2064 versamur,
839 1972 913 2045 aeri
925 1969 1127 2049 adsuescere
1142 1969 1278 2066 cogimur

732 2213 765 2302 c.
817 2205 864 2280 u.

257 2429 260 2438 Α
361 2343 531 2442 Hyemis·
550 2343 694 2418 initium
731 2367 980 2438 numeramus,
1017 2343 1060 2419 ad
1093 2331 1278 2420 consuetudi

266 2473 350 2530 nem
383 2457 592 2538 receptam,
630 2443 759 2516 asolis
791 2441 943 2539 ingressu
975 2445 1012 2518 in
1042 2441 1277 2540 Capricornum

268 2553 377 2627 finem
412 2543 582 2634 ponimus
614 2541 650 2612 in
680 2543 799 2635 primo
830 2542 941 2636 gradu
973 2543 1133 2634 Arietis,
1169 2535 1277 2616 licctl

268 2641 413 2724 termini
438 2637 579 2731 hyemis
605 2638 779 2730 coelestis,
802 2655 843 2712 ut
869 2643 1066 2733 loquuntur
1092 2631 1277 2712 Astronomi

269 2757 346 2820 non
371 2737 507 2830 semper
530 2736 756 2809 conveniant
774 2759 855 2810 cum
869 2739 1068 2830 terrestris,
1093 2735 1152 2811 sed
1166 2737 1277 2828 aliqum

270 2845 319 2917 do
345 2836 452 2910 citius
483 2832 676 2924 aliquando
709 2834 843 2906 tardius
877 2837 1014 2910 veniat.
1065 2833 1121 2908 Ita
1158 2832 1277 2908 constal

271 2931 428 3016 nonest
458 2933 533 3004 hoee
568 2931 651 3007 anni
691 2930 904 3025 tempestas,
944 2948 985 3006 ut
1021 2957 1097 3007 non
1127 2934 1218 3007 intra
1244 2927 1277 3000 hu

272 3032 423 3132 spatium
444 3028 620 3122 temporis
641 3045 800 3102 mutetur
825 3053 895 3122 qua
920 3030 1013 3104 suam
1037 3027 1277 3104 vehementiam

272 3138 348 3210 hauc
369 3127 561 3220 aliquoties
587 3123 625 3198 in
651 3149 726 3200 uno
753 3128 811 3200 die
834 3125 1014 3202 interdum
1039 3127 1140 3201 varia
1160 3125 1277 3200 observa

273 3249 354 3321 tur,
379 3224 475 3298 unde
501 3221 722 3296 mutationes
743 3227 993 3298 barometricae
1014 3228 1144 3320 hyeme
1159 3225 1231 3300 sunt
1248 3219 1276 3293 in

262 3325 484 3423 ¹parentiores
515 3342 620 3413 quam
652 3322 782 3396 aestate.
841 3321 1048 3417 dirimimur.
1083 3325 1189 3398 Elem.
1220 3323 1276 3410 Pu

275 3427 357 3499 Nec
384 3419 552 3493 omnibus
576 3417 809 3513 regionibus,
837 3445 913 3514 quae
941 3423 1091 3496 eandem
1116 3423 1241 3494 habent
1264 3415 1276 3484 l

276 3517 491 3606 altudinem,
522 3515 645 3588 eadem
663 3515 714 3590 est
734 3521 872 3608 hyems.
923 3519 1030 3592 Unde
1050 3520 1088 3592 in
1108 3515 1213 3591 cauis
1227 3513 1276 3608 plu

276 3635 519 3696 nomenorum
543 3613 649 3705 hujus
675 3617 920 3707 explicandis,
956 3641 1032 3692 non
1053 3613 1165 3692 solum
1190 3613 1228 3687 ad
1248 3609 1276 3680 cl

277 3717 467 3790 vationem
499 3711 599 3805 poli,
632 3708 689 3782 sed
725 3712 833 3786 etiarn
864 3713 907 3786 ad
936 3730 1099 3792 naturam
1125 3715 1276 3810 regionm

278 3817 556 3899 deventurum,
593 3810 654 3900 qui
688 3809 747 3882 illa
774 3814 856 3885 loca
887 3813 1111 3906 pervadunt,
1147 3805 1276 3885 attendet

228 3945 240 3964 ·
280 3913 474 3999 debemus3
499 3901 742 4004 Rupestria'&
763 3907 906 4008 petrosa
923 3912 1007 3986 loca
1026 3901 1276 4074 frigidiorcmbgl
