2578 4770
228 253 305 332 roq
565 297 569 306 .
601 227 916 328 EUPHORBIA.

275 415 491 512 plerumque
515 409 618 510 sunt,
643 417 761 511 iisque
786 417 869 491 sunt
893 415 1005 490 flores
1024 408 1175 507 seffiles,
1202 410 1286 489 adeo

273 527 339 604 ut,
373 511 519 608 quando
550 515 666 588 caulis
699 514 947 590 confideretur
979 525 1152 606 tanquam
1179 511 1286 602 radix,

274 610 519 705 conspicienti
559 611 808 707 fimplicissima
840 612 975 701 herba,
1016 609 1190 684 constans
1219 622 1286 684 tan·

276 707 470 783 tummodo
494 709 608 801 flore,
634 711 672 784 in
696 711 846 786 caudice
870 708 1109 782 adscendente
1129 707 1286 803 erigituq

277 806 353 884 fine
375 806 499 899 foliis,
524 809 685 904 caule&
708 808 828 883 fulcro
851 808 900 882 ob
918 807 1049 882 oculos
1068 805 1247 881 versetur.

432 1037 674 1118 CLASSIS
721 1040 762 1116 N
771 975 1096 1118 ATURALIS.

230 1162 532 1249 EUPHORBIA
559 1175 612 1250 est
637 1176 818 1269 medium,
849 1176 949 1271 quod
973 1173 1175 1254 intercedit
1206 1176 1286 1247 Cun-

279 1273 403 1364 hogiam
421 1270 457 1343 δι
477 1273 754 1373 Dalechampiam.
805 1273 946 1350 Omnes
973 1278 1075 1370 ejus,
1103 1295 1185 1369 quae
1208 1267 1286 1346 mihl

279 1368 478 1442 innotuere
501 1369 660 1464 species,
685 1371 830 1446 succum
850 1373 987 1448 habent
1003 1373 1172 1461 ladleum,
1201 1391 1286 1442 eum·

279 1487 350 1638 {ue
372 1465 409 1538 in
434 1468 600 1560 plurimis
620 1471 900 1562 corrodentem,
925 1471 1015 1545 licet
1033 1471 1085 1544 ita
1104 1470 1286 1546 nominata

308 1563 389 1659 sula
422 1566 527 1637 dulcis
558 1589 605 1660 35
636 1568 769 1642 abhinc
797 1591 818 1640 a
849 1568 1062 1662 quibusdam
1097 1569 1286 1654 liberetur,

279 1660 342 1756 qui
372 1680 451 1733 eam
483 1665 687 1739 oleraceam
714 1667 961 1762 proclamant;
994 1665 1146 1741 Certum
1176 1679 1286 1740 tamen

279 1757 346 1849 est,
373 1780 431 1831 me
453 1760 589 1834 nullam
607 1762 735 1836 harum
757 1765 913 1858 primum
936 1763 1043 1838 edere
1060 1767 1183 1856 velle,
1213 1760 1286 1856 quia

278 1854 405 1932 succus
435 1856 561 1932 harum
590 1857 743 1936 eandem
770 1862 809 1936 in
832 1863 994 1938 nostrum
1022 1883 1161 1958 corpus
1187 1862 1286 1937 habet

276 1952 379 2042 vim,
407 1975 449 2026 ac
475 1953 584 2050 Aqua
611 1956 734 2032 Fortis
764 1959 803 2034 in
831 1959 1003 2052 Ferrum,
1030 1983 1188 2057 nempe,
1218 1955 1286 2033 ubi·

279 2072 424 2146 cunque
444 2073 514 2127 nos
535 2066 679 2152 tangat,
708 2071 815 2152 atque
836 2057 1089 2154 superveniat,
1115 2057 1286 2136 corrodit.

99 2319 106 2332 ,
229 2241 576 2324 EUPHORBIUM
616 2250 747 2344 isnardi
786 2254 824 2328 in
860 2255 936 2330 Ast.
978 2255 1155 2348 Parisinir.
1227 2248 1286 2324 TI·

280 2338 571 2442 THYMALUS
594 2347 832 2440 stampinsi,
858 2346 1286 2428 TITHYMALOIDES

208 2525 210 2529 ,
286 2438 492 2534 Tournefort.
524 2443 559 2515 dt
587 2443 753 2520 ESULA
783 2452 928 2539 Rivinz',
965 2452 1002 2525 in
1031 2472 1148 2526 unum
1183 2467 1286 2548 genus

278 2559 302 2613 a
326 2535 404 2649 Cel.
431 2539 481 2612 D.
505 2539 606 2614 Praes.
635 2544 775 2636 optime
797 2547 878 2622 sunt
898 2549 1061 2634 redat'ta3
1094 2549 1183 2644 quia
1204 2543 1286 2622 limi-Q

246 2685 250 2694 ·
278 2647 337 2726 tes
358 2657 396 2707 m
421 2649 552 2709 natura
575 2637 704 2714 frustra
730 2659 908 2738 quaereret
935 2669 1013 2740 ars,
1046 2647 1112 2722 nifi
1141 2647 1286 2722 Creator

279 2726 330 2842 Q.
348 2730 405 2804 M.
428 2731 513 2846 illos
542 2734 747 2813 ordinasset.
800 2744 972 2849 Quaedam
1001 2745 1100 2818 enim
1124 2744 1283 2841 Euphor·

278 2828 349 2940 urae
374 2825 510 2923 species
539 2831 631 2944 adeo
660 2833 765 2910 nudae
790 2839 891 2934 sunt,
915 2855 958 2917 ut
984 2863 1117 2936 nemo,
1154 2843 1206 2919 sat
1229 2863 1281 2914 va·

279 2923 363 3000 lrdrs
395 2943 614 3040 argumentis
652 2932 790 3030 nixus,
832 2951 931 3014 certe
963 2941 1086 3016 dicere
1118 2940 1281 3030 valuerit,

280 3044 327 3098 an
350 3020 489 3136 foliosae
518 3027 586 3100 sint
615 3051 684 3103 nec
712 3054 782 3127 ne,
808 3058 914 3130 quam
941 3039 991 3112 ob
1019 3039 1175 3116 caussam
1205 3039 1282 3114 haut

280 3121 464 3196 immerrto
483 3123 659 3219 seminuda
687 3131 850 3209 audiunt.
909 3135 1017 3210 Haud
1046 3139 1176 3232 aliter,
1202 3131 1281 3210 aeli

268 3217 537 3317 'litlymaloides
570 3221 646 3298 sola
673 3226 759 3302 esset
786 3230 1013 3326 irregularis,
1052 3258 1136 3312 curn
1169 3251 1280 3311 tamen

278 3328 420 3428 'cerum
444 3318 511 3429 sit,
541 3323 703 3414 calycem
722 3325 760 3402 in
778 3331 942 3420 pluribus
962 3353 1039 3408 non
1057 3344 1201 3410 tantum
1217 3327 1279 3406 bafi

280 3413 331 3528 ab·
357 3413 524 3488 inferiori
552 3417 664 3493 latere
695 3425 808 3521 magis
841 3429 989 3521 gibbum
1022 3430 1198 3525 existere,
1229 3424 1279 3502 sed

275 3523 390 3602 *etjam
421 3515 582 3626 margine
608 3517 800 3598 indentes
827 3524 943 3600 dividi
968 3527 1187 3624 inequales,
1214 3523 1278 3602 exi·

264 3603 395 3780 'gente
433 3608 571 3689 scilicet
607 3616 703 3692 inter
737 3618 830 3698 duos
863 3619 1069 3702 denticulos
1103 3630 1207 3706 hiatu
1237 3623 1278 3698 la·

311 3725 388 3779 ore.

272 3983 287 4032 ⁸
380 4101 387 4118 ·
661 4041 665 4054 ·
1135 3994 1273 4080 uoni-
