2680 4770
250 261 306 368 *7‘2
353 342 357 350 .
455 241 777 349 'onsrncutn
811 259 1098 343 amoremne.

359 462 414 534 18.
452 451 640 543 Ignorantia
677 449 881 523 Medicorum
918 451 961 534 &⁹
994 443 1312 540 Pharnmcopolarurn

259 555 347 622 circa
374 555 504 644 plantas
535 553 722 641 inquilinos.
779 544 840 618 Ob
870 566 976 639 quarn
1006 541 1156 617 caussam
1185 541 1230 612 ab
1256 561 1309 611 ex·

258 645 346 718 nris
370 643 559 739 adquirere
588 658 769 742 coguntur
798 665 881 736 eas,
914 663 1001 736 quas
1021 639 1120 714 domi
1142 637 1311 733 colligere

257 763 336 817 non
364 754 562 816 noverunt.
787 754 789 762 ·

297 858 348 921 Sic
368 859 511 920 nostrates
536 873 637 920 emunt
655 863 722 922 rad.
745 854 890 922 Rhodiam
913 855 943 918 &
965 853 1044 919 naa.
1067 871 1101 916 ac
1125 852 1203 915 sen.
1220 853 1313 931 Ange·

338 935 399 1002 lira
413 935 539 1017 satine,
569 939 757 1017 aNorvegir
784 943 814 1001 in
839 938 945 999 nostris
969 939 1084 1009 alpinae
1109 936 1222 992 multoe
1249 945 1310 990 ente

338 1037 433 1082 ennon
449 1021 573 1081 cottana
594 1021 807 1097 &alienigenis
825 1018 989 1080 divendita.
1032 1017 1077 1076 De
1099 1031 1203 1076 cetero
1230 1014 1311 1072 carel.

337 1104 430 1176 plant.
447 1099 529 1162 offic.
544 1119 617 1177 quae
639 1105 733 1174 patria
755 1103 843 1162 telina
866 1101 942 1173 fert,
961 1099 1025 1160 vid.
1045 1098 1119 1162 Mat.
1135 1095 1221 1158 Med.
1235 1094 1313 1163 supra

338 1183 392 1244 eit.
406 1200 476 1247 aro.
519 1183 549 1242 Si
577 1185 686 1244 rustico
705 1183 911 1257 praescribetur
930 1197 1057 1255 purgans
1080 1193 1131 1238 aut
1158 1177 1235 1235 levio
1261 1173 1312 1232 elie

337 1263 503 1334 medicine,
531 1279 565 1322 en
585 1266 711 1336 petenda
729 1281 764 1323 ex
790 1263 900 1333 indiis,
929 1262 1009 1322 unde
1029 1260 1175 1320 medicina
1206 1255 1311 1326 pretio-

337 1343 397 1404 flor
413 1344 514 1410 evadit
538 1362 621 1420 qaam
643 1361 676 1407 ut
698 1360 816 1412 emantt
844 1343 915 1404 hinc
938 1341 1098 1403 horrente
1120 1331 1310 1399 medicina&

275 1443 277 1448 ·
339 1423 577 1502 pharmacopaea.

360 1570 416 1643 19.
442 1547 630 1642 Ignorantia
658 1555 830 1622 onnmnnis
855 1553 943 1620 circa
962 1551 1107 1642 plurima
1130 1547 1312 1638 plancarum

254 1653 501 1746 peregrinarum
534 1669 662 1738 genera.
711 1645 801 1718 Haec
827 1645 924 1718 enim
947 1639 1079 1732 efficit,
1112 1653 1153 1712 ut
1179 1633 1310 1710 dubite-

260 1767 363 1833 mus,
389 1741 554 1836 genuina
579 1763 626 1814 ne
655 1742 726 1814 iilae
749 1742 792 1815 ad
816 1764 907 1831 nos,
933 1765 979 1814 an
1003 1735 1237 1832 supposititia
1259 1729 1310 1840 ari·

290 1853 490 1930 ortentur,
510 1839 738 1934 atque'adeo
766 1841 958 1936 generibus
981 1836 1138 1934 ignotis,
1168 1832 1214 1907 de
1234 1829 1311 1902 vin·

260 1865 329 2016 {us
354 1937 517 2027 illarum,
545 1937 675 2010 incerti
706 1937 821 2010 simus.

302 2052 371 2114 Huc
389 2053 487 2115 refero
516 2051 612 2114 Beben
634 2051 772 2126 rubrum,
805 2047 1040 2134 Myrobalanum,
1071 2044 1192 2120 Anisena
1213 2039 1312 2136 steila·

703 2173 1312 2274 aar,

342 2213 594 2380 {iwanno
614 2256 723 2363 iaicis,
746 2292 914 2374 Aspaiarhr'.
982 2230 1002 2293 5
1084 2252 1095 2284 ⁹
1229 2244 1241 2280 ³

362 2452 419 2504 to.
446 2429 606 2522 Receptus
627 2434 662 2499 in
682 2428 955 2524 Pharmacopoliir
970 2428 1058 2523 nsns.
1111 2423 1204 2499 Cum
1223 2420 1311 2498 enim

262 2526 401 2602 ufitatis
436 2525 654 2598 inherentes
684 2525 992 2615 Pharrnaceutici,
1034 2547 1126 2620 aegre
1155 2525 1218 2597 illa
1249 2519 1312 2614 ipit

264 2625 529 2701 medicamenta
560 2635 775 2713 comparent
801 2625 836 2695 ἃ
859 2622 1056 2712 arcessant,
1085 2644 1240 2715 quorum
1266 2617 1313 2688 vi*

264 2745 324 2800 res
349 2719 458 2794 hodie
489 2716 742 2807 innotescunt,
768 2721 832 2794 nisi
859 2719 1002 2813 sperent
1030 2736 1258 2813 quantocyus
1277 2733 1313 2785 ea

266 2840 402 2894 venum
432 2815 507 2903 ire3
541 2813 680 2887 Medici
706 2816 780 2909 est,
812 2818 927 2892 &fibi
955 2819 990 2890 &
1014 2817 1115 2912 aegris
1136 2817 1312 2890 consulen-

266 2918 337 3006 tis,
367 2915 684 3004 Pharmacopoeum
710 2937 861 2989 monere
883 2917 928 2988 de
955 2916 1025 2987 iilis
1050 2915 1184 3008 plantis
1206 2913 1312 2988 srsten-

267 3014 345 3102 dis,
372 3033 520 3104 quarum
542 3007 641 3082 usum
670 3010 732 3085 stbi
758 3015 868 3088 novit
889 3014 927 3088 in
952 3013 1132 3088 medicina
1156 3005 1313 3088 facienda

267 3110 424 3188 maxime
451 3107 692 3202 profuturnm.

309 3221 483 3290 Sinarouba
503 3221 759 3295 praestantiffimum
771 3229 801 3288 in
825 3227 989 3302 dysenteria
1007 3226 1189 3299 remedium,
1213 3223 1314 3297 onega

350 3305 388 3367 ad
404 3304 477 3365 tuus
499 3317 681 3375 venenator,
704 3304 846 3382 Profluoir'
867 3317 968 3370 cortex
989 3310 1018 3366 in
1038 3307 1199 3368 diarrhoee.
1241 3299 1317 3360 Can-¹

342 3383 471 3468 phorata
493 3384 522 3442 in
548 3385 759 3461 leucorrhoea,
790 3387 982 3449 Auriculam
1006 3389 1036 3448 in
1063 3388 1206 3460 capnon,
1232 3385 1314 3444 Pera·

345 3483 407 3547 gna
428 3465 458 3522 in
480 3464 616 3534 diabete,
640 3461 742 3546 (ἶφι
764 3470 793 3527 in
817 3469 950 3538 verimi,
973 3468 1139 3549 Serpentum
1160 3467 1259 3528 Radix
1281 3454 1314 3514 ²11

263 3603 265 3608 .
348 3543 462 3605 morsus
486 3544 670 3617 eorundem,
699 3545 1058 3621 citramontanam,
1090 3536 1315 3606 convenientiffi·

349 3641 429 3686 mum
462 3623 571 3702 (inins.
603 3625 666 3702 3ii)
698 3631 947 3700 eccoproticum,
986 3631 1161 3688 omittuntur
1196 3624 1313 3699 penitus·

350 3699 544 3786 Hypocr'stidis
554 3702 679 3780 saccas,
706 3706 735 3766 δι
756 3708 867 3790 Fungar
886 3705 1068 3788 Melitenfis,
1092 3711 1224 3786 quemvis
1242 3712 1315 3775 egre·

348 3787 407 3864 gite
426 3783 462 3845 ad
486 3784 634 3860 profluvia
655 3787 800 3860 medeiae,
835 3787 990 3870 Herbaqrn
1020 3788 1198 3868 dysenterica
1218 3784 1263 3847 cui
1283 3773 1315 3836 ¹³

348 3867 485 3928 morbum
513 3867 719 3942 cognominem
744 3866 900 3930 sanandum
928 3871 1219 3948 paulinianum,
1247 3873 1314 3924 non·

238 3959 239 3962 ’
347 3948 418 4011 dum
435 3946 538 4007 locum
555 3946 673 4022 edeptae
694 3950 772 4010 inter
788 3949 949 4013 officinales
973 3951 1049 4014 suut.

1189 4055 1243 4112 21.
1266 4025 1313 4100 ln·
