2654 4762
285 229 355 316 443
434 235 439 243 ·
546 210 862 290 rusrnucuuo
904 209 1068 290 mussi.

287 394 537 472 desiderantur.
600 391 740 464 Totum
775 405 895 466 autem
923 391 1046 467 Terrae
1074 393 1185 468 orbem
1207 416 1274 488 perr·

286 516 410 594 grate,
440 487 561 564 omnia
584 491 669 562 loca
688 488 830 582 rimari,
857 491 990 586 singula
1007 492 1141 585 objesta
1161 507 1273 564 conten·

285 595 400 780 Elati,
431 603 558 675 notas,
590 587 718 680 quibus
750 586 1028 682 dignoscuntur,
1060 589 1273 678 observare&

313 717 363 768 aec
380 687 524 763 tandem
546 683 668 758 omnia
687 685 862 758 memoria
881 699 1027 778 tenere,
1053 687 1196 760 hominis
1209 687 1270 758 inlu

285 793 419 876 striam,
444 787 505 858 uel
521 784 722 873 maximam,
748 781 910 875 excedit,
936 781 1269 858 undenecessariohur

286 886 455 976 scientia,
485 904 562 976 quau
587 878 755 952 notitiam
780 893 839 952 tot
862 903 1000 968 rerum,
1023 879 1201 976 longiss‘uue
1217 877 1273 952 diss

287 1003 425 1072 tarum,
457 979 652 1078 supponit,
678 981 793 1051 multo
817 978 941 1052 evadit
967 978 1176 1054 difficillima
1212 977 1275 1050 Hinc

287 1102 423 1162 uraturae
464 1075 627 1150 Consulti
669 1075 935 1150 recentioribus
974 1076 1070 1150 hisce
1109 1075 1276 1168 temporibus

287 1181 414 1260 Musca
434 1174 618 1248 instituere
641 1186 847 1266 coeperunt,
871 1173 934 1246 ubi
948 1174 1145 1266 mirabilia,
1169 1171 1277 1262 rudique

289 1275 509 1372 conquisita,
534 1285 703 1362 tanquam
720 1271 758 1343 in
773 1269 871 1343 orbis
886 1270 1041 1366 quodam
1055 1270 1274 1366 Amphitheatro

289 1380 416 1452 liceret
448 1368 669 1462 conspicere.
732 1368 791 1442 Sic
823 1363 967 1462 possunt
992 1369 1115 1464 plures
1142 1362 1273 1459 conluuio

288 1469 401 1570 'op'era
423 1461 648 1561 suppeditaie
671 1466 876 1558 materiem,
903 1487 973 1558 qua
991 1488 1076 1540 cum
1096 1464 1204 1561 insigni
1214 1479 1276 1536 euo-

289 1576 451 1650 lumento
475 1577 597 1638 utatur
614 1561 781 1638 Scientiae
801 1561 1000 1639 condendae
1020 1563 1187 1641 Antistes.

737 1746 770 1834 s.
819 1741 887 1816 111.

384 1861 551 1935 Innatum
580 1855 648 1932 esse
675 1869 815 1954 tantum
841 1879 918 1932 non
945 1858 1139 1950 omnibus,
1168 1867 1227 1930 tota
1243 1847 1277 1921 die

286 1957 554 2054 comperimus,
595 1969 722 2029 utres
749 1953 905 2028 rariores
936 1955 1174 2046 admirentur,
1206 1967 1276 2039 nsque

287 2081 381 2136 vero
410 2057 595 2150 quisquam
617 2051 724 2126 facile
748 2064 821 2124 tam
848 2051 900 2125 est
920 2050 1105 2146 stupidus,
1135 2065 1173 2126 ut
1189 2061 1274 2138 nepo

289 2155 493 2240 instinctum
513 2151 606 2244 quafi
631 2163 767 2223 natura
790 2151 926 2224 feratur
950 2149 993 2223 ad
1017 2143 1277 2244 contemplandus

289 2278 348 2330 res
372 2251 573 2336 naturales,
597 2247 635 2320 in
648 2245 777 2320 Museo
791 2247 887 2320 forte
900 2247 1032 2320 alicubi
1050 2239 1280 2342 conspiciendus

289 2355 380 2428 licet
401 2347 543 2444 plurimi
563 2369 622 2418 eas
645 2367 709 2439 per
728 2357 956 2420 transennam
982 2346 1078 2440 quasi
1101 2333 1282 2440 spesleut,&

288 2447 443 2552 proinde
453 2441 787 2540 parumpercipiant
797 2445 858 2515 vel
870 2443 1036 2516 utilitatis
1046 2445 1108 2516 vel
1117 2433 1284 2534 volupotiu

290 2570 368 2642 quae
395 2560 514 2618 tamen
539 2555 690 2632 utraque
721 2555 821 2613 tanta
851 2541 933 2614 inde
957 2537 1129 2614 resultare
1148 2539 1180 2612 δι
1196 2525 1284 2630 potul·

289 2643 471 2730 &debet,
495 2651 556 2730 ut,
584 2637 700 2731 quiin
717 2638 938 2732 peragrando
956 2651 1038 2711 toto
1057 2627 1286 2711 terrarumorbe

289 2735 432 2816 ae'tatem
454 2733 742 2827 consumserunt,
765 2736 860 2809 intro
883 2733 1050 2832 angustos
1078 2731 1192 2808 Musei
1213 2723 1286 2824 puis

289 2854 366 2928 tes,
394 2837 496 2930 plura
519 2833 706 2920 animalia,
737 2834 857 2927 plures
881 2835 1039 2926 plantas,
1067 2829 1193 2907 follilia
1211 2825 1287 2922 plffis

291 2937 402 3010 immo
420 2955 533 3023 vero,
557 2931 672 3004 multo
688 2932 791 3026 plura
806 2930 960 3025 speslare
973 2945 1129 3024 queant,
1152 2945 1237 3020 quaro
1248 2937 1288 3010 po·

290 3037 442 3123 itinera,
468 3031 502 3104 δι
525 3031 689 3118 labores,
718 3029 932 3123 &pericula
953 3027 988 3100 δι
1010 3025 1183 3122 impensas
1203 3015 1288 3120 spois·

289 3143 421 3208 verant
445 3149 612 3221 unquam.
662 3126 851 3219 Eiusmodi
876 3123 1005 3201 Museo
1027 3147 1152 3198 carcre
1171 3123 1198 3194 is
1213 3127 1286 3191 neuo·

292 3251 398 3326 quam
425 3225 565 3322 potest,
590 3224 650 3318 qui
679 3223 862 3298 scientiam
879 3223 932 3298 est
950 3223 1235 3302 concinnatuuus
1260 3203 1286 3316 Β

290 3330 317 3404 su
340 3326 515 3420 respicere
545 3323 721 3414 velimus,
760 3322 820 3414 qui
845 3345 901 3396 ex.
926 3343 958 3417 g.
988 3319 1167 3394 Botanica
1188 3313 1286 3390 scieutu

293 3427 435 3500 exculta
460 3421 522 3512 sut,
538 3420 859 3514 'deprehendemus
886 3418 1034 3510 Gallos,
1065 3415 1221 3512 Anglos,
1241 3401 1285 3508 ΒΒ,

290 3544 375 3619 gas,
402 3520 603 3610 llelvetos,
628 3518 812 3611 ingentem
834 3515 1091 3613 vegetabilium
1114 3511 1241 3608 copiam
1255 3499 1283 3608 Β

292 3618 370 3693 tilse
406 3614 609 3689 feliciffimis
646 3616 800 3710 ingeniis
837 3612 1111 3704 excutiendam,
1144 3595 1279 3704 quedl

294 3715 368 3811 ipsa
384 3712 636 3787 accuratissume
654 3712 878 3807 pensitando,
901 3734 947 3786 eo
965 3711 1110 3786 tandem
1125 3711 1279 3804 perustus

292 3828 337 3887 ut
360 3813 480 3886 lumen
509 3811 587 3882 aliis
614 3811 781 3906 gentibus
807 3809 852 3886 cle
880 3808 942 3885 suo
970 3809 1106 3888 lumine
1132 3801 1284 3902 postes·

292 3909 448 4012 cendere
475 3907 667 3986 valuerint.

891 4003 908 4040 ⁸
1210 3977 1287 4094 sl·
