2712 4770
207 287 365 372 nova
390 258 726 369 rimaraum
756 285 980 368 ennena
1106 313 1126 388 3

75 473 166 550 toris
191 471 228 547 oa
257 473 451 546 commoda
482 471 688 551 mortalium
720 471 917 564 diretium,
957 469 1131 564 explendi

73 573 160 648 ellet
174 571 341 664 occasro,
366 584 469 644 extra
481 570 681 664 Europam,
708 570 746 644 in
764 569 1002 644 remotiffimis
1021 569 1131 642 etiam

73 685 178 744 terrae
205 669 368 764 angulis,
394 687 496 741 nova
521 689 678 760 querere
708 667 851 762 objetta
875 667 1129 741 decreverunt.
1254 678 1255 682 ‘

74 769 176 843 Hine
207 765 396 859 utriusque
431 763 568 858 lndiae,
612 760 748 843 Africa
782 765 985 859 reliquique
1018 761 1131 838 Orbis

73 861 250 961 produlia
275 863 425 954 rimari,
451 864 632 960 longaque
662 863 847 936 instituere
871 856 1131 955 itinera'cepe-
1262 941 1276 948 ,
1333 857 1336 866 ’

73 975 173 1036 runt
246 961 321 1036 Hic
355 961 495 1052 animus
534 961 584 1033 ita
617 961 756 1052 crevit,
794 973 858 1052 ut,
893 960 989 1033 circa
1019 955 1131 1052 finem

77 1059 211 1156 prioris
235 1058 367 1150 seculi,
404 1071 464 1131 tot
490 1069 593 1132 extra
616 1057 774 1151 Europae
800 1057 977 1132 terminos
1008 1057 1132 1129 viren-

76 1171 131 1230 tes
157 1155 279 1229 herbae
307 1177 374 1250 per
404 1156 663 1252 quinquaginta
690 1157 804 1229 ferme
831 1155 961 1230 annos'
978 1155 1046 1229 sant
1072 1153 1133 1226 de¹¹

72 1253 200 1344 testae,
226 1266 333 1347 quot,
359 1251 483 1328 multis
514 1253 603 1327 licet
632 1251 781 1346 seculis,
812 1254 851 1327 in
866 1251 1016 1347 Europa
1041 1273 1133 1325 nun·

71 1373 183 1446 quarn
224 1349 451 1444 antiquiores
499 1350 667 1426 invenire
706 1351 905 1445 potuiffent
942 1349 1135 1439 Botanici3

71 1449 196 1524 studio
223 1469 316 1522 vero
345 1448 441 1524 idem
471 1447 586 1522 adhuc
614 1448 757 1542 fervet,
796 1471 869 1543 quo
901 1447 1033 1523 latium
1067 1445 1135 1540 est,

71 1560 117 1620 ut
139 1543 330 1619 dimidium
353 1547 425 1621 hoc
449 1544 715 1642 praeterlapsum
745 1545 901 1621 seculum
938 1539 1136 1641 permultas

70 1665 176 1719 raras
199 1642 431 1738 caniosasque
455 1655 557 1716 extra
578 1644 764 1738 Europam
782 1643 964 1742 detexerit
990 1643 1135 1717 herbas.

73 1740 278 1816 Testanntr
309 1741 382 1814 hoc
414 1739 697 1816 numerolissimae
738 1742 807 1815 illae
840 1741 1000 1837 species,
1047 1759 1137 1834 quas

84 1836 333 1930 Tenrnefertlas
360 1839 398 1912 in
426 1839 556 1926 Itinere,
578 1839 762 1926 Orientali,
798 1839 968 1914 Botanici
992 1839 1138 1913 Rutbenl
1233 1921 1240 1928 ,

73 1939 116 2012 in
131 1931 219 2030 Afia
228 1937 497 2033 septentrionali,
522 1935 628 2030 Angli
646 1944 680 2012 ln
695 1938 853 2012 Amerlca
866 1939 1017 2026 Bareali,
1045 1931 1138 2010 Galli

74 2038 116 2109 in
141 2033 302 2109 Ameriae
328 2039 548 2122 mnilinnli,
581 2033 763 2110 &Batavi
787 2035 885 2110 circa
909 2038 1013 2132 Caput
1037 2035 1138 2109 Bene

62 2135 144 2232 spei
167 2129 398 2206 detexerunt.
445 2129 618 2205 Nostram
638 2131 748 2206 etiam
760 2131 986 2224 Notionem,
1010 2130 1143 2223 bonis,

73 2227 179 2324 quod
213 2229 341 2322 ajunt,
372 2227 524 2320 avibus,
556 2227 682 2304 eadem
709 2233 782 2324 jam
814 2249 900 2304 cura
930 2244 1051 2322 tenet,
1081 2249 1138 2314 ur·

70 2327 241 2420 dentque
263 2323 457 2399 Nostrates
483 2317 654 2400 Botanici
678 2347 755 2401 non
778 2328 914 2403 minori
935 2319 1138 2422 cupiditate
1210 2347 1212 2352 ·

72 2424 243 2501 indolem
266 2433 312 2507 'at
332 2421 574 2518 prestantium
590 2425 782 2499 herbarum
801 2424 1063 2520 perspiciendi,
1089 2443 1138 2498 ex

66 2543 154 2626 ,quo
171 2520 309 2596 fanum
329 2519 404 2614 est,
431 2534 473 2594 ut
490 2522 582 2594 alma
598 2521 721 2598 nostra
747 2521 899 2596 Suionia
917 2522 1028 2596 etiam
1052 2518 1137 2594 suos

71 2619 282 2695 Botanicos
300 2616 346 2691 ad
360 2631 503 2692 exteras
525 2617 683 2714 emiserit
703 2620 886 2718 regiones.
926 2620 986 2694 Sic
1002 2617 1138 2694 Ameri-

71 2744 151 2794 carn
174 2718 341 2791 Berenlern
355 2716 465 2812 petiit
488 2715 565 2791 Cel.
579 2715 743 2792 D.‘Prof.
759 2717 930 2810 KALM,
955 2717 1139 2813 AEgyptum
1251 2799 1255 2808 ,

72 2815 219 2910 Palaeste
373 2813 448 2888 Dn.
472 2813 583 2889 nott.
611 2811 977 2919 HASSELQUIST,
1006 2820 1140 2889 clinans

70 2913 173 2988 D:ni
189 2909 259 2985 TE
335 2910 566 3008 STROEM,
594 2905 787 2988 TORE'N
806 2915 843 2990 oe
862 2911 1069 3004 OSBECK,
1094 2921 1140 2988 ut

70 3011 221 3085 D:num
246 3007 509 3088 LOEFLING
534 3010 729 3102 reticeam,
761 3013 822 3105 qui
843 3035 864 3086 a
886 3007 1139 3098 Potentiffimo
1300 3019 1302 3022 ’

70 3105 267 3201 Hispaniae
294 3106 395 3203 Rege
420 3107 505 3181 hinc
534 3130 650 3203 nuper
674 3106 876 3202 evocatus,
915 3129 980 3204 per
1011 3107 1138 3204 Hispa·
1192 3113 1196 3122 '

69 3213 170 3281 marn
200 3201 384 3278 Historia.
397 3203 567 3318 Naturali
600 3208 864 3300 locupletanda
892 3202 1048 3317 sedulam
1067 3223 1140 3318 'na-

68 3313 340 3491 tutae
367 3301 505 3474 llll
522 3298 1142 3500 limiam

69 3500 290 3587 Eboracum,
322 3499 358 3572 dt
391 3501 570 3590 Canadam,
608 3499 778 3598 regiones
809 3499 989 3576 Amerioae
1017 3495 1063 3571 ad
1090 3495 1141 3571 se·

69 3595 335 3696 ptentrionem
372 3609 592 3693 vergentes,
633 3598 743 3694 trium
777 3617 956 3674 annorum
991 3593 1143 3670 decursu

72 3697 215 3770 dextre
238 3693 433 3786 consono,
468 3695 507 3769 in
533 3693 688 3770 Patriam
712 3696 796 3771 inde
828 3717 944 3790 nuper
971 3692 1143 3769 reducem

71 3791 158 3869 laeti
183 3791 413 3886 ,recepimus3
452 3792 635 3890 ingentem
661 3793 758 3868 enim
783 3797 826 3869 ab
853 3793 928 3868 istis
951 3792 1058 3866 terris
1085 3811 1142 3863 re·
1262 3868 1265 3876 ¹

71 3889 255 3987 portavit
280 3888 484 3964 thesaurum
506 3911 583 3965 non
606 3889 896 3986 Concbyliorum
921 3889 1055 3982 solum,
1084 3887 1144 3960 In·
1227 3975 1230 3984 Δ

74 3985 268 4066 sectorum
296 3985 334 4063 dt
360 3985 671 4166 Ampbibiorump:
707 3987 768 4066 led
798 3987 1003 4069 Herbarum
1015 3986 1149 4163 dideaffi

394 4107 414 4158 Α
694 4109 715 4166 2
1054 4103 1081 4160 v
1226 4157 1234 4166 .
