2568 4764
228 183 299 276 278
350 167 570 252 nouum
599 167 942 254 aurocrorum
969 173 1157 256 aroan-
1274 103 1275 110 Ν

229 349 411 467 illecebris
437 353 559 430 mundi
579 368 621 428 ut
641 351 832 451 plurimum
850 331 1100 452 estlscinatos‚
1124 367 1167 434 ot
1180 375 1252 434 com
1275 416 1276 478 p

229 453 398 550 parandis
420 449 911 553 cognoscendisquesnseiiis‚
939 459 1141 549 Conchylir's,
1171 461 1276 542 suri-i

227 558 295 642 lis,
326 553 495 644 Crystallis
519 551 591 638 &a
617 547 781 626 divinum
806 551 962 626 animum
987 554 1108 648 pascat
1132 553 1254 628 &reio
1275 573 1276 590 ¹

231 650 343 721 cillet.
397 645 495 722 Hinc
521 647 725 742 ingentibus
756 649 920 748 impensis
942 651 1128 744 multaque
1155 647 1254 726 sollici·

230 745 358 820 tudine
377 745 540 818 Museum
554 745 940 842 Drottningholmense
962 747 1132 841 instituit,
1156 747 1192 824 in
1207 767 1256 842 quo

230 844 418 917 exoticum
435 846 560 916 orbem
579 863 660 917 cum
682 843 849 940 indigena
870 849 931 918 vel
949 845 1112 942 junctum
1132 845 1194 922 vel
1207 867 1277 966 cer-p

230 949 369 1014 tantem
400 943 489 1015 mira
520 943 710 1036 voluptate
742 941 946 1038 perspiciep'.
997 939 1060 1018 Est
1088 963 1182 1018 vero
1206 945 1277 1022 haer

231 1042 402 1118 collellio
433 1062 478 1112 cx
511 1037 649 1112 illarum
679 1063 837 1136 genere,
884 1063 960 1134 quae
997 1041 1147 1116 ssmilem
1185 1035 1277 1116 ullibi

231 1141 400 1218 locorum
429 1155 546 1228 neque
574 1135 702 1227 habet,
733 1157 850 1232 neque
880 1139 976 1212 forte
1005 1162 1162 1232 unquam
1189 1138 1259 1212 habi·

232 1257 314 1317 rura
336 1236 398 1310 est.
450 1229 560 1333 Quod
584 1233 608 1308 sl
629 1224 728 1309 sensu
754 1235 853 1310 omni
882 1257 958 1310 non
979 1257 1123 1330 careas,
1153 1235 1258 1310 anoni·

233 1353 302 1414 tus,
321 1337 428 1430 plane
458 1334 517 1407 hic
548 1345 631 1405 ante
662 1333 833 1408 thronum
865 1333 1097 1410 curiofiffimae
1123 1331 1256 1446 Regina,

232 1435 361 1512 habitu
385 1431 544 1526 genuino
574 1447 615 1501 ac
640 1423 912 1523 splendidissimo
944 1433 1085 1522 cultos,
1122 1451 1218 1528 regia
1236 1431 1260 1502 'u

42 1541 45 1550 '
156 1602 159 1610 .
233 1535 348 1608 domo
376 1529 534 1623 hospites
567 1525 785 1602 infestorum
817 1527 1026 1602 indicorum
1054 1525 1278 1605 conturbem

234 1634 433 1724 delegatos.
484 1625 597 1699 Amrii
625 1625 732 1720 igitur
756 1622 844 1700 iliud
863 1637 1003 1720 tempus
1029 1621 1262 1721 praestolam,

237 1749 311 1824 quo
329 1723 477 1798 historia
491 1724 678 1797 celebratae
692 1721 797 1818 hujus
815 1723 1024 1820 propaginis
1040 1725 1159 1796 lucem
1177 1721 1266 1818 pubii-

236 1849 318 1900 cam
347 1821 514 1911 videbit,
558 1824 686 1894 oculos
719 1819 815 1896 inse
846 1825 1057 1914 animosque
1088 1821 1279 1916 peritorum

237 1917 455 1998 avidissimos
484 1917 712 1992 conversura.
764 1917 800 1990 Si
825 1933 943 1992 autem
964 1919 1143 1992 temerarii
1172 1937 1268 1990 muru

237 2023 273 2095 ἃ
294 2037 406 2114 pravo
431 2016 525 2090 haud
551 2037 633 2089 raro
663 2013 813 2088 vivendi
845 2019 1007 2110 exempla
1038 2011 1199 2090 latiffime
1222 2013 1279 2086 ser-2

34 2173 41 2184 .
134 2143 147 2176 ι
235 2113 380 2216 punt&
401 2137 446 2187 cx
469 2115 559 2186 aulis
581 2115 719 2206 Regum
737 2117 779 2183 ad
805 2115 899 2186 casas
925 2113 1061 2186 civium
1091 2111 1279 2200 dimanant

237 2210 461 2292 certiffimum
483 2213 561 2306 jure
587 2207 681 2303 spem
705 2211 952 2302 concipimus,
982 2212 1088 2300 sore,
1114 2223 1156 2283 ut
1183 2209 1269 2284 tantis

237 2310 405 2410 auspiciis
431 2309 539 2398 felix,
573 2303 719 2382 scicntia
748 2309 890 2396 nostra,
923 2311 983 2382 illa
1006 2307 1131 2404 gloriae
1159 2305 1280 2400 divina

238 2409 445 2509 promonix
480 2405 754 2498 communisque
791 2406 881 2480 boni
918 2403 1183 2500 procuratrix,
1219 2417 1271 2476 nn

237 2511 347 2586 fixam
383 2499 477 2598 apud
510 2523 578 2577 nos
615 2499 731 2578 sedem
768 2501 1033 2597 consequanir,
1078 2525 1185 2597 quam
1214 2497 1271 2576 sero

239 2608 365 2682 eadem
381 2602 674 2697 ,septentrionem
700 2599 862 2675 nostrum
887 2601 1058 2676 visitavit.

692 2780 726 2875 §-
778 2774 844 2854 m.

336 2889 528 2988 Postquam
553 2891 759 2968 recentiore
788 2891 834 2968 fic
864 2908 945 2964 avo
976 2887 1020 2966 ad
1045 2885 1278 2987 cognitionem

241 2987 461 3071 infestorum
481 2993 745 3086 Europaeorum
770 2987 958 3084 specialem
985 3002 1202 3086 perventum
1221 2985 1278 3069 elle

241 3093 325 3168 heic
346 3091 494 3166 minime
518 3089 625 3163 nobis
643 3086 892 3162 subsistendum
918 3087 1009 3178 esse,
1034 3085 1150 3184 perse
1173 3099 1280 3179 patet:

242 3185 425 3288 ingenuus
453 3187 603 3280 quisque
626 3183 670 3259 de
695 3185 811 3260 frusto
832 3181 866 3257 &
888 3185 1143 3260 emolumentis
1160 3201 1205 3255 ex
1226 3180 1280 3252 sto

244 3291 307 3362 dio
329 3289 445 3360 hocce
494 3284 709 3377 arripiendis
726 3284 880 3356 maxime
899 3282 951 3356 est
969 3281 1155 3356 sollicitus.
1195 3277 1280 3352 Nan

245 3309 544 3479 quemadmorium
581 3380 672 3454 nihil
711 3377 838 3454 frustra
867 3399 888 3453 a
915 3380 1119 3454 conditore
1150 3375 1280 3450 illorum

242 3473 375 3559 fauuin
403 3473 470 3552 eise
501 3478 642 3574 potest,
672 3479 723 3552 ita
752 3474 951 3552 mirabilem
983 3476 1204 3552 considerare
1240 3471 1280 3544 sar

244 3579 298 3654 est
318 3579 470 3652 sormam
493 3579 627 3672 pariter
648 3596 689 3650 ac
713 3574 942 3666 strueiuram,
969 3576 1084 3649 vitam
1104 3574 1138 3647 δι
1157 3587 1280 3656 morae

270 3673 513 3770 raecipuasque
545 3673 765 3748 mutationes
795 3671 924 3765 quibus
948 3675 1049 3746 larva
1079 3673 1117 3746 in
1146 3685 1280 3764 popam

242 3696 320 3850 lac
347 3774 477 3846 iterum
505 3771 541 3845 in
573 3772 724 3844 volatile
755 3769 1005 3860 convertitur,
1038 3771 1133 3844 unde
1159 3761 1280 3840 summa

241 3869 377 3948 Summi
409 3867 580 3944 Autloris
606 3867 723 3966 gloria
752 3864 891 3964 oppido
925 3863 1105 3944 elucescit.
1168 3857 1270 3936 Effici

574 3971 594 4031 r
1198 3975 1280 4054 pra·
