2568 4764
234 216 306 293 262
511 207 1017 302 NUTRturl-tovuncur

232 405 356 468 tamen
377 389 451 465 hoc
475 364 680 580 contingit,
705 391 850 485 quondo
868 413 999 487 nempe
1029 381 1069 481 a)
1083 387 1255 484 labepror·

233 490 290 566 sus
307 487 561 580 destituuntur,
590 493 608 561 b
647 491 826 564 tantillum
847 489 928 582 ipsrs
948 488 1167 583 profluitut
1200 489 1253 560 roli

232 611 312 663 non
335 586 505 676 sufficiat,
529 581 566 677 c)
589 585 732 681 papillis
751 587 973 681 prominulis
994 599 1135 676 carent,
1162 509 1256 675 biaut

234 687 309 759 alio
336 686 433 758 malo
457 684 580 778 petrus
609 685 745 758 habent
771 697 1001 778 correptum,
1024 682 1109 756 &in
1129 681 1178 755 his
1195 682 1254 754 cai·

234 783 302 858 bus
315 782 476 856 nutrices
492 781 529 856 in
545 781 717 858 auxilium
735 781 803 854 eise
819 781 1026 872 vocandas,
1050 779 1180 876 liquido
1192 801 1256 852 con·

232 880 313 954 stat.
377 879 451 952 Has
480 901 625 974 quoque
658 878 812 954 maxime
849 878 1070 952 neceffarias·
1092 875 1255 962 censemus,

234 973 319 1052 dum
343 989 406 1049 aut
422 975 494 1070 ipsa
517 990 657 1066 morte,
686 992 748 1052 aut
767 977 836 1050 alia
853 975 996 1050 demum
1013 976 1154 1049 ratione
1168 975 1205 1046 ab
1219 973 1254 1044 ir·

232 1077 334 1166 fante
359 1073 545 1147 divellitur
572 1087 707 1164 mater,
732 1077 793 1148 vel
816 1076 946 1148 morbo
972 1074 1093 1167 aliquo
1114 1069 1257 1168 graviori,

235 1195 267 1246 e.
286 1195 320 1268 g.
349 1173 531 1268 Atropbr'a,
565 1173 639 1246 Lot
668 1197 821 1262 venereo,
848 1171 914 1246 &c
947 1173 1106 1246 laborat:
1137 1167 1259 1242 Exstant

232 1271 331 1350 eninr
354 1271 518 1363 exempla
544 1291 686 1361 earum,
716 1293 794 1364 quae
821 1291 1033 1364 quamquam
1056 1269 1115 1342 lue
1138 1266 1196 1342 ista
1214 1285 1254 1334 re

232 1391 344 1444 nerea
360 1369 398 1439 in
422 1365 516 1440 statu
535 1368 762 1463 graviditatis
782 1367 922 1442 inicitae
947 1367 1109 1456 fuerant,
1136 1363 1252 1440 sanau-

232 1489 317 1541 men
337 1463 610 1538 constitutionis
632 1479 852 1559 pepererunt
874 1466 1029 1552 liberos3
1054 1465 1150 1538 uuila
1170 1475 1257 1532 auten

233 1563 360 1638 adsunt
385 1564 547 1654 illarum,
578 1585 655 1656 quae
673 1563 1002 1648 durnbocmorbo
1024 1561 1257 1656 premebantur,

232 1657 589 1752 nulla'subsequente
613 1661 856 1758 contagione,
888 1662 1043 1734 tenellos
1070 1657 1194 1734 latiare
1214 1675 1256 1748 pu

162 1801 172 1826 .
232 1769 393 1832 tuerunt.
445 1757 568 1830 Plures
589 1757 735 1846 xcuuiias
770 1758 931 1854 nutrices
966 1755 1178 1850 aiiumendi,
1206 1753 1259 1826 iere

233 1857 465 1951 ignoramus,
492 1877 534 1928 ac
559 1856 713 1948 proinde
740 1877 861 1948 paucae
886 1856 1114 1947 rarioresque
1136 1851 1200 1925 istu
1215 1849 1261 1922 int

232 1951 373 2028 neceffe
401 1951 464 2024 est.
516 1952 695 2046 Adeoque
715 1951 844 2026 frustra
860 1951 1021 2048 plurimae
1037 1963 1186 2038 matres,
1206 1965 1260 2040 quo

232 2050 319 2126 huic
350 2049 473 2124 officio
498 2050 571 2125 fine
601 2065 752 2146 urgente
779 2049 982 2124 necciirtate
1007 2047 1041 2122 se
1067 2047 1259 2129 subtrahunt,

234 2147 358 2228 fucum
389 2148 497 2236 nobis
524 2148 644 2221 facere
673 2148 851 2244 gestiunt,
884 2145 1059 2240 dicendo:
1100 2143 1189 2218 Izmo
1212 2141 1260 2228 lar,

235 2246 334 2342 quod
352 2247 448 2320 forte
470 2245 631 2339 praebere
653 2245 829 2339 potsunt„
842 2245 1067 2320 nutrimento
1084 2241 1193 2338 prolis
1206 2257 1258 2312 nou

234 2343 486 2434 suffecturum,
511 2341 584 2416 1120
613 2341 689 2416 suas
718 2343 924 2436 vires-plus
946 2341 1042 2434 justo
1067 2341 1260 2415 debilitatum

234 2441 303 2532 iri,
318 2465 375 2514 eo
392 2440 490 2534 quod
513 2442 646 2532 chylo',
671 2441 735 2514 srbi
757 2441 796 2514 in
815 2440 1076 2516 nutrimentum
1100 2436 1259 2516 destinato,

234 2539 449 2640 priventur,
478 2535 570 2611 Ill:o
597 2537 631 2612 se
650 2560 770 2612 curem
797 2537 976 2612 infantum
997 2538 1070 2612 rite
1092 2558 1193 2632 agere
1209 2549 1257 2604 nor

236 2635 351 2732 poffe,
375 2635 698 2710 cum-timuivariis
711 2635 870 2732 negotiis
887 2634 1126 2708 oeconomicis
1140 2629 1254 2708 marne

207 2731 440 2819 'neceiiariis
470 2732 744 2828 destringantur.
804 2733 947 2806 letam
978 2733 1179 2822 rationem,
1206 2747 1256 2800 eu·

236 2831 390 2922 demque
410 2830 629 2924 primariam,
659 2825 811 2922 subdole
827 2831 1007 2920 reticent,
1038 2829 1137 2924 quod
1162 2839 1276 2932 neroptx

236 2928 377 3004 maritis
411 2927 509 3004 suurn
542 2927 841 3004 delectamentum
872 2921 1105 3022 praeripiaut3
1144 2925 1276 3028 flentur

236 3027 311 3102 hoc
331 3025 369 3100 in
386 3025 521 3119 puncto
540 3025 758 3099 consulimus
773 3041 959 3116 naturam,
985 3023 1036 3098 sui
1055 3022 1188 3119 semper
1198 3020 1259 3094 fin·

236 3125 330 3214 lem,
355 3116 774 3216 starim‘eonvincimur,
798 3121 1026 3218 quadrupeda
1050 3135 1188 3196 tantum
1208 3131 1261 3190 noo

238 3221 384 3312 omnia,
409 3219 599 3314 postquam
624 3221 743 3314 pullos
774 3219 990 3312 amiserunt,
1016 3241 1104 3292 mox
1137 3211 1260 3312 prurire,

238 3320 334 3396 &in
360 3319 545 3410 amplexus
576 3318 684 3390 maris
712 3339 827 3392 ruere.
878 3317 937 3390 Sic
965 3317 1105 3392 rusticor
1130 3311 1260 3388 Wcstro·

236 3415 468 3504 botnienses,
496 3437 568 3510 prae
585 3416 665 3490 aiiis
680 3411 892 3498 nationibus
909 3416 1015 3488 nobis
1033 3415 1153 3506 notis,
1178 3403 1275 3484 tentl*

237 3517 295 3589 los
315 3513 469 3586 maxime
494 3511 632 3586 nutrire
653 3511 770 3586 soient
794 3513 884 3586 laste
901 3513 1061 3604 bubulo,
1087 3511 1180 3605 quod
1197 3521 1275 3596 anusj

237 3610 418 3706 quedam,
444 3609 527 3682 dum
548 3623 701 3708 matres,
726 3610 911 3684 continuis
937 3610 1121 3684 laboribus
1141 3621 1260 3706 octono¹

235 3709 341 3798 micis
361 3720 462 3803 extra
484 3705 630 3782 domum
645 3704 905 3798 conficiendis,
934 3707 1111 3798 detentu,
1136 3695 1260 3804 laorno

236 3805 361 3894 officio
384 3825 515 3900 vacere
547 3817 754 3900 nequeunt,
787 3805 874 3880 loco
902 3801 1115 3880 nutrimenti
1135 3809 1261 3876 merent

234 3903 418 4004 porrigitp
437 3901 471 3975 or
493 3913 689 4000 propterea
708 3901 864 3980 maxime
889 3899 1065 4000 prolificae
1093 3897 1260 4066 depmgess‘

1216 4005 1258 4062 iifl·
