2568 4764
120 193 339 293 aosrrra
365 195 710 286 insectorum
736 181 919 272 ruore.
970 213 1041 288 279

24 377 391 548 pmurctlaccmatior
422 373 603 470 eiusmodi
631 373 864 464 observatio,
897 385 939 446 ut
963 392 1042 466 pet·

23 473 125 566 spicere
191 473 340 552 ariiiime
374 497 570 568 queamus,
605 495 675 566 qua
706 471 849 546 ratione
880 481 1043 544 contem·

22 569 113 644 cilina
127 573 204 648 haec
224 573 312 648 alias
336 573 548 648 animalcula
565 570 735 646 mundum
754 571 857 642 velut
877 569 913 642 in
935 565 1042 660 acqui·

16 667 101 740 lilerio
124 667 185 742 suo
214 671 452 761 contineant,
478 670 538 763 qui
565 667 636 742 fida
665 665 822 762 ipsorum
845 689 959 759 opera
982 663 1042 734 do

16 765 131 840 stitunrs
157 766 277 842 statim
300 770 362 842 vel
387 779 700 860 corrumperetur,
725 767 785 838 vel
813 764 941 837 infelix
966 761 1041 836 sen·

16 863 60 938 iun
79 865 255 940 excidium
282 864 369 940 esset
393 864 562 960 paliurus.

85 961 356 1038 Attendendum
372 984 460 1058 ergo
476 984 580 1056 quam
597 959 857 1056 diligentiffime
874 956 946 1048 est,
970 975 1041 1048 qut

19 1055 129 1132 solertia
163 1062 291 1134 orbem
328 1061 489 1136 nostrum
518 1059 689 1149 mundum
718 1057 885 1154 praestent
913 1073 1040 1148 purga,-

19 1169 132 1248 tunque
169 1155 292 1232 sordes
329 1157 555 1249 auserend0,
597 1159 773 1230 cadavera
807 1149 1039 1242 absumendo,

16 1259 179 1348 aeremque
201 1255 263 1328 tali
287 1257 399 1330 modo
418 1256 598 1330 &terram
621 1253 859 1350 purificando.
909 1250 1039 1322 Atten·

13 1349 168 1443 dandum,
194 1367 337 1446 quantae
360 1353 533 1442 Piscium,
558 1347 861 1446 Amplribiorum,
887 1347 1039 1438 livium,

14 1445 326 1551 &Quadrupedum
352 1451 575 1526 multitudini
603 1451 811 1524 alimentum
840 1445 1038 1554 prebeant,

13 1567 70 1635 que
83 1547 210 1620 smeiis
227 1547 288 1622 vel
303 1549 462 1644 graviter
481 1548 671 1622 admodum
690 1550 750 1620 vel
775 1547 883 1650 etiam
907 1565 954 1618 ne
974 1561 1039 1614 vrx

12 1641 127 1734 quidem
149 1645 262 1720 vitam
279 1643 526 1722 sustentarent.
578 1645 874 1732 attendendum,
898 1641 1039 1750 qualem

10 1743 107 1830 generi
135 1742 295 1816 humano
320 1743 418 1816 usum
450 1743 572 1818 sedulo
596 1745 812 1833 exhibeant,
846 1739 925 1814 aliis
957 1735 1039 1813 sert.-

11 1857 92 1922 cum,
117 1839 198 1912 aliis
226 1841 321 1928 mel,
348 1841 427 1914 aliis
458 1861 599 1931 ceram,
628 1842 707 1914 aliis
732 1842 924 1926 thermon,
958 1834 1038 1908 aliis

10 1935 251 2027 coccineilam,
273 1937 352 2011 aliis
370 1959 542 2034 coccum,
568 1939 647 2012 aliis
662 1941 730 2014 alia
746 1935 897 2028 copiose
917 1931 1005 2028 prof
1024 1971 1037 1989 ·

10 2031 159 2106 rentibus.
197 2032 470 2110 Attendendum
488 2037 659 2130 denique,
685 2059 787 2128 quam
808 2033 905 2106 sacili
922 2029 1037 2104 omni·

9 2141 115 2218 potens
138 2129 287 2206 Numen
314 2134 467 2228 negotio
498 2133 620 2208 vastos
648 2133 881 2206 &interranea
911 2149 1037 2201 eorum

12 2229 164 2300 exercitus
186 2227 250 2306 irbi
270 2231 560 2324 comparaverit,
585 2231 667 2327 qui,
695 2231 785 2323 jarssu
813 2228 944 2322 Ipsius,
974 2225 1037 2296 im·

13 2321 127 2411 piorum
140 2325 330 2400 hominum
343 2327 475 2400 scelera
489 2326 713 2401 &lasciviam
731 2321 963 2413 vindicaturi,
984 2321 1038 2394 in·

17 2429 101 2512 tegna
122 2423 217 2496 haud
231 2445 315 2497 raro
337 2426 507 2522 regiones
530 2423 564 2496 dc
589 2423 761 2520 imperia,
789 2423 934 2496 tremine
956 2419 1036 2491 resrss
1080 2499 1084 2512 ⁸

13 2511 113 2610 sene,
128 2519 322 2594 crudeliter
335 2521 415 2596 sunt
430 2521 660 2616 depopulati:
684 2523 795 2596 modo
811 2519 906 2594 enim
916 2513 1035 2613 Grylli

11 2609 199 2691 &Loctrstae
224 2617 429 2694 nascentem
458 2641 623 2716 agrorum
655 2617 899 2704 viriditatem,
922 2613 1036 2692 moth

8 2724 168 2802 pratorum
197 2716 203 2728 ‘
234 2715 355 2790 amina
378 2717 506 2790 Larvae
540 2717 783 2807 devorarun't3
815 2713 928 2789 modo
953 2713 1035 2786 hor·

8 2805 91 2882 deum
113 2811 180 2885 Mu
195 2835 267 2902 cae,
306 2813 420 2888 secale
446 2811 645 2906 Phalanna,
673 2815 812 2890 radices
837 2809 1036 2910 gramineas

8 2901 126 2998 sipulae
155 2909 434 2986 consumserunt.
504 2911 589 2986 Alia
618 2913 753 2988 Inscita
788 2913 930 3007 pomis,
967 2907 1036 2980 alia

8 3001 162 3101 oleribus,
194 3009 265 3082 alia
288 3007 586 3088 foliis'arborum
616 3010 692 3086 vim
722 3010 869 3093 inl'crre¹
887 3003 1034 3080 consue·

8 3117 126 3176 cerunt
175 3105 344 3202 Segetum
369 3105 560 3181 Mordellae
586 3107 624 3195 in
651 3107 764 3202 agris,
795 3102 1052 3196 Curculionesv

8 3194 154 3274 immenti
182 3203 220 3276 in
292 3205 445 3296 nunriis,
479 3202 687 3278 Dermesles
719 3205 970 3276 alimentorum
996 3197 1035 3270 in

8 3295 159 3389 silaciis,
185 3322 234 3372 ve
266 3299 339 3372 ium
367 3299 494 3376 Timete
515 3300 597 3375 sunt
622 3301 889 3395 populatrices,
915 3295 969 3388 δε,
993 3307 1036 3368 ut

8 3389 77 3462 nihil
99 3395 141 3468 ad
166 3397 404 3470 calamitatem
429 3411 491 3474 aut
508 3397 729 3472 inserendam
755 3409 817 3472 aut
838 3393 1035 3490 augendam

8 3485 100 3560 iecise
131 3493 321 3588 videatur,
360 3493 508 3588 Equos,
545 3495 691 3585 Boves,
728 3493 930 3568 Pecora&
965 3491 1035 3564 alia

8 3575 233 3692 ininssntium
258 3613 390 3688 genera
421 3593 624 3686 adgreditur
653 3591 896 3688 sepenumero
926 3604 1037 3684 atque

8 3677 153 3772 lesperdit
174 3689 387 3786 vagabunda
412 3689 541 3763 horum
567 3691 758 3764 colluvies.

88 3777 185 3856 Plura
206 3787 276 3860 huc
294 3785 487 3881 spatiantia
510 3785 649 3862 adferre
667 3801 770 3862 vetat
790 3789 932 3881 quidem
950 3807 1034 3880 pro-

8 3874 96 3962 positi
116 3882 207 3957 rao'o
234 3885 524 4056 pagellarumquse
552 3885 732 3998 angustini
759 3909 804 3964 ex
826 3886 874 3960 iis
899 3897 1038 3972 tamen,

128 4021 137 4030 .
540 4003 565 4074 4
952 4001 1029 4076 que
