2572 4756
227 211 508 304 vtuNtno
536 211 806 306 ARBORUM
970 241 1043 325 375

20 389 195 473 absolvatur
215 397 256 475 in
279 401 441 496 optorto
455 402 492 480 dv
508 402 569 478 We
694 411 875 499 ',quarn
896 398 936 476 in
957 400 1041 488 reli·

14 493 83 585 quis
100 493 220 572 Patria}
243 499 449 594 provinciis
473 523 532 578 me
617 501 659 576 it.

441 701 477 792 §.
525 695 590 774 IX.

80 827 181 934 Quod
205 831 341 934 tergo
368 833 490 930 plures
518 833 601 934 post
626 833 694 910 bac
720 833 947 912 instituenda
975 833 1041 908 ob·

14 915 209 1003 strutiones
237 929 389 1008 eandem
408 933 502 1008 hanc
521 956 597 1010 rem
618 931 939 1026 confirmaverint,
962 951 1042 1008 non

21 1015 143 1118 dubito,
179 1027 270 1122 quin
300 1031 425 1106 varios
460 1029 545 1107 inde
580 1031 849 1128 perciperemus
883 1027 1040 1132 mous,

23 1117 179 1229 presertim
205 1139 296 1202 tunc
323 1151 401 1204 non
432 1127 565 1205 deesset
589 1129 727 1206 firmius
753 1130 1041 1225 firndamentum,

23 1218 255 1326 milidonem
292 1247 370 1302 non
403 1241 542 1302 tantum
576 1227 773 1320 frumenti,
813 1227 871 1301 sed
901 1227 1042 1302 olerum

18 1323 105 1389 tuam
126 1318 158 1394 do
179 1323 383 1416 plantarum
408 1325 628 1402 hortenfium
655 1337 911 1422 attemperaret
945 1341 1041 1396 oeco·

19 1427 131 1488 nonus.
178 1419 281 1522 Quid
304 1422 426 1516 itaque
451 1423 635 1500 commodi
661 1424 810 1517 publico
837 1419 1041 1512 accederet,

20 1503 40 1616 b
58 1511 121 1601 quis
139 1515 174 1589 in
191 1539 409 1614 unaquaque
432 1519 627 1596 Provincia
654 1520 848 1616 quotannis
874 1517 1042 1594 observa·

19 1611 133 1700 nones,
158 1611 282 1690 debita
297 1637 379 1692 cum
400 1619 626 1712 attentione,
648 1619 717 1696 hoc
734 1617 773 1694 in
786 1641 826 1694 re
840 1615 1042 1705 instituere,

19 1719 122 1797 easque
143 1709 288 1788 demum
317 1715 447 1809 eodem
472 1717 607 1809 modo,
634 1739 709 1811 quo
732 1715 947 1790 Astronomi
977 1713 1042 1786 ob·

21 1793 210 1882 servationes
248 1809 329 1886 suas
361 1811 699 1912 Meteorosogicas,
741 1835 821 1890 etun
856 1811 1043 1890 Societate

22 1900 263 1992 tutAcademia¹
289 1909 404 2007 Regia
428 1909 654 1986 Scientarum
676 1911 945 1986 communicare
965 1905 1042 1982 vel·

23 1989 81 2068 iets
120 1999 295 2082 Praeterea
318 2029 340 2084 e
365 2031 404 2082 re
433 2009 505 2084 erit
536 2007 762 2100 observasse,
797 2029 960 2102 quaenam
990 2001 1042 2080 se-

24 2095 143 2190 nentis,
176 2105 292 2180 variis
325 2105 451 2180 diebus
481 2107 580 2182 veris
611 2105 797 2198 instituta,
834 2105 1044 2180 uberiorem

27 2191 152 2270 reseret
177 2199 355 2296 frustrum,
380 2217 422 2278 ut
447 2225 493 2278 ex
520 2204 638 2280 hocce
663 2205 801 2280 collato
829 2225 912 2278 cum
941 2199 1042 2298 fron·

29 2279 169 2397 sescentis
201 2300 386 2376 variarum
421 2303 612 2392 arborum,
651 2299 869 2378 elucesceret
898 2312 1041 2402 tempu?
1140 2372 1143 2388 ,

31 2395 241 2497 Μιεσῐιεὲοῐίο
264 2398 419 2474 maxime
442 2399 678 2492 adaquatum.
727 2399 808 2472 Pari
831 2393 942 2472 modo
962 2415 1042 2506 nou

32 2485 120 2588 punse
143 2489 241 2568 foret
261 2495 467 2588 annotasse,
498 2517 571 2590 quo
591 2495 630 2572 in
649 2517 866 2592 unaquaque
888 2493 1041 2570 Provtn·

34 2593 62 2646 1³
83 2593 239 2682 tempore
277 2593 408 2688 plante
442 2607 571 2686 certae,
609 2591 731 2688 saltem
760 2589 1041 2688 praestantiores,

34 2665 200 2780 brescant,
229 2701 274 2763 ut
292 2691 463 2764 velocsor
483 2691 544 2764 vei
567 2691 706 2766 tardior
733 2691 818 2766 anui
840 2685 1042 2788 progressus

35 2769 85 2844 ude
98 2783 313 2876 patesceret3
336 2787 501 2862 videmus
524 2791 642 2882 enim,
666 2789 754 2864 licet
775 2787 829 2862 hoe
845 2787 883 2862 in
904 2784 967 2860 usu
983 2781 1042 2858 ad·

38 2881 74 2939 ue
91 2895 160 2953 non
186 2881 326 2958 suerint
350 2883 647 2978 observationes,
673 2883 860 2980 quomodo
882 2881 928 2957 de
954 2894 1042 2956 tem·

39 2979 88 3135 tre
103 2973 423 3072 FOENISECH,
442 2983 504 3056 vel
521 3005 567 3060 ex
585 2982 738 3058 floribus
757 2979 941 3079 Pornoffiaa,
964 2983 1043 3054 Sco·

41 3062 88 3241 (oe
109 3071 260 3172 succiso,
293 3079 457 3155 Gentiano
488 3086 754 3176 potamosorrtbes
784 3091 846 3151 aut
870 3077 1043 3150 Aetherios

50 3156 131 3255 frugi
162 3175 512 3271 prorumpentibus,
551 3179 613 3250 vel
641 3199 687 3252 ex
717 3175 868 3252 floribus
909 3169 1043 3264 Trifosii

42 3261 145 3371 oeno
176 3271 498 3366 evanescentibus,
538 3271 598 3348 seu
629 3274 837 3350 maturitate
870 3269 1043 3382 seminum

43 3349 187 3454 blumbi,
216 3381 280 3447 aut
305 3370 345 3450 in
366 3371 460 3446 locis
486 3371 639 3446 elevatis
663 3393 709 3446 ex
728 3367 909 3446 flavedine
932 3367 1042 3446 foho-

44 3444 228 3540 Menoe
254 3481 474 3565 augurentur
497 3465 768 3544 foenimeisores.

92 3586 253 3676 Profecto
275 3603 508 3696 srbotanici,
532 3603 609 3680 ritu
626 3605 955 3693 Astronomorom‚
981 3623 1042 3676 an-

47 3687 176 3794 iment„
191 3710 333 3796 ternpus
358 3703 589 3778 vernationis
616 3701 908 3778 &florescentiae
935 3700 1042 3774 arbo-

47 3786 82 3849 m
103 3797 203 3882 atque
228 3798 440 3890 herbatum,
464 3798 635 3894 diesque,
658 3801 789 3895 quibua
806 3799 937 3874 semen·
952 3795 1042 3867 sera·

48 3884 83 3966 ¹2
103 3879 260 3991 florescat
282 3893 319 3972 dt
338 3895 574 4071 mauuescgt,
606 3919 739 3996 easque
767 3893 1044 4088 observatglones

550 4015 572 4070 a
598 4017 624 4088 4
961 4009 1043 4064 ures
