2578 4770
251 279 326 368 170
538 256 707 346 monn
733 267 801 346 nx
832 263 1030 348 nvnnn.

251 449 362 527 avide
377 451 552 540 trahitan3
578 452 616 528 in
633 473 761 546 aquam
777 465 897 526 autem
916 453 1048 528 iterum
1064 461 1249 549 mutatur,
1269 469 1274 527 t

248 551 292 625 in
312 570 392 626 eam
411 549 569 626 validius
586 548 673 643 suo,
693 549 883 647 splendore
902 572 1008 649 agere
1030 549 1169 648 incipit
1182 551 1244 628 soh

692 765 863 862 §.xv
996 825 1000 832 .

350 910 496 1005 Hyeme
519 930 590 986 nec
612 931 733 986 rarum
759 909 811 984 est
836 910 963 985 videre
989 929 1161 1006 corpora
1179 904 1274 980 obdu

248 1005 393 1087 Preion.
445 1007 669 1084 Observatur
691 1025 762 1082 tam
787 1009 1019 1101 remittente,
1043 1029 1155 1102 quam
1172 1002 1274 1098 exasp

247 1117 331 1181 rato
358 1107 505 1203 frigore.
556 1105 774 1180 Mitescente
800 1108 915 1198 coelo,
945 1109 1094 1203 guttulae
1124 1099 1274 1180 niveaei

248 1225 378 1298 aquam
399 1216 545 1280 mutatae
572 1205 767 1296 decidunt,
794 1218 831 1277 et
856 1219 897 1277 ut
928 1206 1124 1302 adtingunt
1155 1221 1274 1294 corpor

246 1303 481 1400 refrigerata,
508 1302 545 1374 in
562 1303 728 1397 pruinam
748 1313 944 1376 mutantur.
986 1303 1086 1376 Hinc
1104 1321 1190 1374 cum
1212 1295 1274 1370 vids

245 1422 328 1476 mus
366 1402 501 1496 templa
526 1399 728 1494 &lapidea
754 1397 929 1492 aedificia,
962 1401 1031 1475 hac
1061 1400 1197 1496 pruina
1225 1415 1274 1488 qur

245 1497 480 1594 drangulari,
512 1498 671 1572 micante
704 1510 834 1574 contra
872 1497 1009 1590 solem,
1043 1495 1191 1588 ornari,
1227 1505 1274 1566 tut

246 1617 465 1692 auguramur
491 1595 658 1692 frigidam
687 1595 935 1690 tempestatem
959 1598 998 1670 in
1020 1594 1208 1670 humidam
1231 1609 1274 1664 mu

246 1695 317 1768 tari
342 1696 451 1768 velle.
512 1694 593 1768 Hac
623 1694 749 1768 vestiri
779 1693 946 1769 videmus
979 1694 1099 1789 sepes,
1134 1692 1274 1788 parietes

246 1795 420 1885 arbores,
443 1791 660 1887 potissimum
676 1793 862 1885 Betulam‚
887 1794 938 1866 ita
956 1792 1164 1889 splendide,
1188 1801 1228 1863 ut
1242 1805 1274 1860 nr

245 1901 338 1966 turae
362 1904 475 1965 artem
500 1913 577 1965 non
599 1889 681 1965 satis
702 1890 870 1985 possimus
892 1891 1026 1966 mirari.
1076 1891 1107 1966 F
1109 1893 1142 1964 it
1163 1903 1274 1984 quoqu

244 1989 380 2080 simile,
403 1991 486 2083 gelu
503 1990 619 2064 adhuc
634 2002 839 2086 regnante,
855 1989 894 2064 in
909 1989 1149 2082 animalibus,
1174 2007 1217 2060 ex
1228 1979 1274 2077 qui

243 2088 314 2162 bus
335 2109 493 2182 vapores
519 2087 766 2161 exterminatae
782 2087 906 2161 caiidae
926 2087 1045 2182 &qua
1067 2075 1274 2185 magnamsu

242 2199 387 2282 partem
414 2185 553 2280 aquosae
580 2186 618 2262 in
644 2186 812 2282 pruinam
834 2187 980 2261 abeunt

340 2350 461 2426 Multa
493 2351 681 2443 animalia,
715 2349 844 2446 quibus
873 2347 1057 2446 contingit
1088 2347 1187 2424 heic.
1204 2337 1271 2438 spiri

239 2463 323 2526 tum
341 2449 496 2540 ducere,
520 2450 592 2523 hoc
610 2463 776 2545 tempore
796 2447 960 2541 hyemis,
986 2447 1098 2522 nivea
1118 2441 1273 2538 accipiunt

239 2549 473 2622 vestimenta.
510 2549 622 2641 Lepus
641 2545 760 2620 aestate
773 2568 819 2619 ex
833 2547 946 2620 rubro
965 2545 1147 2637 cinereus,
1172 2544 1273 2635 hyem

240 2647 346 2720 albus
385 2642 440 2718 fit.
519 2645 667 2739 Mustela
707 2643 880 2718 Erminea
928 2641 1048 2718 aestate
1087 2640 1273 2728 rubescens,

237 2745 374 2836 hyeme
400 2739 573 2832 candida,
600 2755 753 2835 excepta
774 2742 1005 2816 extremitate
1033 2741 1136 2838 nigra
1161 2732 1272 2816 cauda

239 2845 386 2915 Sciurus
412 2841 570 2934 vulgaris
596 2838 715 2913 aestate
739 2841 868 2933 ruber,
901 2840 1033 2934 hyeme
1063 2861 1199 2929 canus,
1229 2849 1272 2926 pff

239 2937 408 3012 tiffimum
434 2939 472 3013 in
496 2937 707 3034 regionibus
732 2939 882 3012 boream
907 2939 1019 3034 magis
1043 2931 1272 3038 spectantibus.

240 3034 492 3112 observantur.
573 3038 689 3110 Terrae
723 3036 917 3132 Lagopus,
956 3037 1135 3111 Emberiza
1167 3025 1272 3108 nivali

237 3137 372 3228 hyeme
396 3136 506 3224 albae,
534 3134 653 3209 aestate
677 3134 722 3208 ad
747 3136 883 3208 luteum
911 3133 1089 3208 accedunt
1121 3133 1271 3234 colorem

237 3233 377 3307 Mirum
403 3232 511 3306 nobis
531 3255 607 3318 non
625 3232 782 3306 obvenit
798 3231 922 3306 audire
938 3235 975 3305 lo
1002 3232 1062 3324 ui,
1088 3231 1135 3306 de
1149 3229 1271 3330 Corus,

239 3328 483 3422 Cornicibus,
517 3255 1041 3424 Tetraonibus(Fn.16dB,
1082 3321 1271 3430 Hirundim·

236 3429 329 3520 bus,
353 3428 546 3518 Muribus,
578 3427 761 3521 Vulpibus
779 3428 881 3500 albis.
932 3427 1112 3502 Homines
1130 3425 1190 3522 ipsi
1209 3421 1271 3494 heu

90 3537 103 3564 ⁰
237 3525 443 3617 albescunt,
469 3524 684 3621 potishmum
709 3524 929 3619 Lappones,
956 3546 1111 3619 quorum
1138 3527 1270 3626 corpqfl

237 3620 429 3714 albishma,
467 3623 587 3698 crines
614 3621 702 3695 licet
729 3634 771 3695 ut
799 3623 994 3717 plurimum
1025 3622 1142 3720 nigri,
1179 3619 1270 3694 fanu

233 3741 436 3814 manusque
464 3717 637 3812 subfusci,
674 3719 773 3812 quod
805 3719 904 3796 forte
927 3720 1070 3797 asumo
1097 3720 1138 3800 in
1165 3723 1270 3794 eorum

233 3817 390 3918 tuguriis
413 3818 614 3913 provenire
642 3817 798 3894 videtur.

1134 4054 1170 4144 s·
1186 4028 1265 4119 xv.
