2572 4756
212 309 285 385 340
478 279 627 361 Noxn
657 279 1011 359 INSECTORUM.

211 478 319 543 verat
339 460 503 544 elabitur
555 464 630 568 Qui
655 463 880 556 aliquantulo
898 475 1065 558 tempore
1085 461 1249 560 Popillius

213 579 276 640 aut
300 566 459 638 Platone
483 561 667 654 cujusdam
690 561 840 635 Laroanr
863 561 955 634 folia
976 560 1186 635 caedentem
1206 563 1248 636 in·

212 661 390 758 spexerit,
416 661 533 731 multo
559 659 652 733 hanc
676 659 853 752 ampliora
875 657 1009 753 spatia,
1035 658 1177 733 ratione
1195 659 1248 732 sue

212 756 470 854 magnitudinis
494 755 707 831 devorando
733 778 943 853 peragrare,
971 779 1077 849 quam
1104 757 1148 830 ad
1172 752 1249 830 suam

214 857 350 954 pariter·
378 855 513 928 molem
537 856 657 928 relatae
683 854 820 928 faciant
842 853 964 928 bestiae
989 852 1079 950 sape
1103 856 1249 930 nomina·

213 973 284 1049 tae,
317 953 424 1028 facile
453 952 605 1025 videbit.
657 950 905 1026 Tristissimum
932 953 1038 1044 hujus
1067 952 1121 1024 rei
1151 973 1249 1027 eren·

103 1107 105 1110 -
214 1055 313 1151 plum
329 1051 433 1126 annis
448 1051 592 1144 jamjam
609 1049 801 1143 preteritis
816 1050 973 1123 vidimus
984 1051 1136 1138 onmes,
1161 1071 1251 1144 quun

213 1152 323 1227 unica
346 1160 485 1222 tantum
512 1147 686 1220 Phalaenae
714 1145 848 1240 species
876 1161 995 1222 toturn
1018 1147 1063 1220 ad
1086 1145 1252 1243 Upsrlian

215 1261 358 1344 pratum
389 1247 527 1342 regium
556 1243 778 1338 devastavit,
812 1239 910 1338 quod
942 1244 1086 1339 quidem
1111 1267 1161 1318 ex
1183 1247 1249 1331 feris

213 1347 370 1437 belluis,
411 1363 489 1436 quae
524 1342 810 1437 demumcunque
844 1367 910 1440 per
941 1356 1057 1416 totam
1094 1356 1246 1418 terreum

216 1446 344 1520 orbem
368 1441 617 1536 perquiratur,
643 1440 717 1514 sola
740 1463 816 1518 non
840 1441 1009 1520 efficeret.

222 1575 228 1670 J
309 1579 489 1656 Videmus
508 1581 630 1674 aprica
648 1579 769 1654 nostra
790 1593 892 1674 prata
909 1577 1129 1670 &montosa
1148 1579 1251 1677 pascue

215 1677 394 1776 saepiffine
423 1675 521 1753 nuda
548 1676 617 1750 else
646 1675 868 1772 spoliataque
893 1679 1183 1774 vegetabilibus;
1207 1675 1250 1749 ad·

214 1777 401 1854 scribimus
430 1776 502 1850 hoc
527 1776 708 1849 sterilitati
736 1787 863 1866 terrae,
890 1775 987 1852 aestui
1015 1776 1125 1868 solis,
1163 1775 1254 1872 rigori

217 1875 387 1966 elimatis,
417 1873 516 1962 aliis3
544 1891 671 1948 verum
694 1871 791 1946 enim
807 1895 897 1947 vero
924 1875 1085 1973 cogitare
1103 1885 1255 1970 oportet,

214 1974 377 2049 Faunam
391 1991 526 2066 pecora
544 1971 603 2046 fua
621 1971 659 2044 in
673 1970 728 2044 his
742 1972 836 2045 locis
852 1971 962 2049 nodlu
980 1971 1141 2067 pascere,
1163 1993 1259 2066 eaque

214 2070 343 2145 diebus
370 2070 500 2143 iterum
527 2070 564 2144 in
589 2081 692 2143 terrae
717 2068 864 2142 latebris
889 2071 1096 2164 occultare:
1128 2071 1260 2164 hocque

214 2168 322 2276 patto
351 2165 467 2242 multo
491 2169 570 2260 plus
601 2164 721 2240 damni
749 2167 858 2243 nobis
890 2167 1027 2260 adfert,
1054 2191 1167 2262 quam
1197 2168 1259 2242 alia

215 2287 438 2360 quaecunque
464 2263 598 2338 caussa.
634 2263 818 2338 Nimirum
840 2263 1008 2340 adcurate
1030 2266 1165 2358 lance,
1188 2285 1259 2359 quar

214 2367 254 2442 in
279 2387 318 2438 re
343 2361 510 2436 familiari
535 2362 644 2434 nobis
666 2363 814 2456 pariunt
834 2363 1013 2438 molestias
1034 2361 1173 2439 insecta
1195 2383 1259 2457 pet·

213 2461 409 2558 pendens,
437 2472 555 2533 tantas
581 2459 615 2532 dt
639 2474 712 2534 tam
741 2459 892 2556 inssgnes
916 2463 1083 2555 reperio,
1119 2477 1169 2534 ut
1194 2459 1262 2536 fatis

213 2559 337 2634 mirari
355 2579 481 2631 eorum
504 2557 759 2652 negligentiam
777 2579 854 2632 non
878 2559 1024 2653 pollim,
1053 2559 1116 2651 qui
1145 2557 1262 2634 insedit

213 2657 343 2830 xgtixgtc
365 2675 413 2730 ne
438 2654 502 2728 vix
527 2655 719 2747 admisere,
746 2655 831 2730 dum
850 2679 907 2730 res
930 2656 1182 2733 oecononticas
1205 2672 1262 2730 tra·

250 2775 295 2828 an
315 2807 324 2826 .

677 2871 709 2962 r.
760 2868 810 2944 u.

230 3047 236 3057 .
309 2984 471 3064 Nomio
498 2987 582 3060 illos
614 2985 758 3078 quidem
780 2987 942 3061 lrumanae
966 2985 1157 3062 felicitatis
1188 3009 1265 3083 pra

213 3084 314 3162 ilites
332 3085 357 3160 sr
377 3087 507 3160 oculos
530 3084 801 3175 convertimus,
830 3081 1056 3180 respiciendo
1075 3109 1150 3179 qua
1176 3108 1266 3174 curt,

215 3207 284 3280 qua
315 3183 510 3271 industria,
536 3203 676 3273 quaque
704 3182 891 3277 diligentia
914 3183 1154 3354 fravillimam
1181 3185 1267 3258 suam

213 3281 286 3364 hoc
322 3281 441 3354 seculo
479 3281 648 3352 excolere
683 3278 884 3353 studuerint
929 3281 1119 3369 cientiam;
1170 3303 1267 3375 quam

213 3379 340 3453 dextre
378 3379 421 3451 ad
460 3375 622 3450 laborem
663 3377 918 3451 sublevandum
949 3378 983 3450 dr
1011 3377 1268 3474 perficiendum

214 3490 299 3570 apta
323 3475 618 3572 excogitaverint
646 3474 905 3563 instrumenta3
930 3497 1036 3567 quam
1060 3475 1206 3550 solicite
1231 3473 1269 3548 ad

214 3588 346 3646 terram
367 3573 506 3667 optimc
526 3572 816 3665 praeparandam,
842 3569 1048 3666 frustusque
1065 3575 1269 3667 expeditius

213 3671 470 3758 demetendos,
504 3671 541 3743 in
572 3669 703 3742 horrea
728 3670 938 3744 inserendos
965 3673 1270 3765 reponendosque

213 3767 461 3844 confinxerint
478 3765 715 3860 conrpcrrdia3
749 3767 882 3840 nerito
900 3769 971 3841 hoc
986 3769 1083 3842 laudi
1101 3769 1175 3842 illis
1195 3789 1269 3842 ver·

213 3868 362 3941 tendunt
393 3865 466 3954 est,
512 3863 609 3958 quod
641 3863 800 3939 sollertia
825 3864 858 3936 dt
883 3865 1080 3940 assiduitate
1116 3865 1271 3942 scientio

212 3962 279 4042 suae
312 3965 536 4040 incrementa
574 3959 777 4038 addiderint
811 3965 921 4061 longe
957 3966 1125 4058 majora,
1168 3981 1269 4058 quam

231 4097 240 4108 ..
1202 4079 1273 4152 quae
