2568 4764
270 287 343 362 234
644 264 736 342 CUI
766 263 946 346 BONO?

267 442 376 520 valde
403 438 585 538 despestus
610 444 684 536 est,
724 447 822 540 quod
851 447 991 542 plantas
1019 445 1055 519 δι
1082 443 1196 520 inseite
1219 465 1275 539 pa·

267 543 495 618 scrutaretur.
548 539 684 616 Incolae
710 567 866 637 namque
890 546 967 637 ejus
996 544 1164 640 Regionis
1185 541 1275 616 omia

269 639 412 714 inutilia
427 639 718 733 proclamabant,
744 664 823 736 quae
845 640 891 715 ad
907 642 1146 736 plantationes
1159 643 1275 714 Sortes

268 738 305 812 δι
329 734 441 832 Coffeoe
462 737 556 812 haud
580 738 806 834 vergebant,
829 753 874 814 ut
901 739 1065 833 plurima
1088 740 1161 832 ejus
1180 737 1276 811 littere

270 835 315 910 ad
330 835 381 909 D.
405 857 612 910 erasmum
639 835 811 911 indicant.
1132 923 1133 926 Ἴ

363 932 438 1005 Dn.
460 932 559 1007 Pros.
576 933 675 1006 Kolm
698 933 794 1008 inter
817 935 990 1009 barbaros
1011 933 1174 1008 homines
1194 929 1277 1002 Cana·

266 1029 393 1108 denses
409 1051 660 1121 commorans,
684 1032 849 1126 periculo
864 1032 950 1105 vitae
964 1031 1065 1106 ausus
1084 1052 1158 1105 non
1173 1027 1217 1102 est
1228 1047 1276 1100 na·

267 1128 436 1206 nifestum
458 1128 600 1220 facere,
624 1128 723 1221 quod
737 1131 895 1222 plantam
917 1129 1115 1222 quandam,
1140 1119 1276 1200 autaliud

267 1240 404 1303 natura
426 1225 607 1319 objectum
625 1224 864 1322 describeret,
887 1226 947 1301 sed
964 1226 1087 1302 omnia
1113 1222 1276 1300 clanndun

268 1323 425 1420 experiri
449 1322 626 1397 necessum
649 1324 787 1397 habuit.

365 1442 441 1516 Dn.
476 1441 647 1536 Praefidem
687 1443 725 1516 in
762 1441 918 1536 Alpibus
962 1441 1182 1534 Lapponicis
1214 1438 1275 1508 iota

265 1540 505 1636 Rangiferos,
538 1539 690 1614 Oestros
715 1541 896 1634 legentem
922 1539 1183 1635 rangiserinos,
1211 1533 1277 1606 illos·

268 1662 338 1734 que
362 1636 643 1727 describentem,
669 1637 833 1712 admirati
856 1637 937 1711 sunt
961 1635 1168 1730 Lappones,
1194 1630 1277 1706 rideo·

266 1751 323 1812 tes
346 1736 532 1809 hominum
554 1733 730 1828 quendam
747 1735 846 1829 posse
864 1748 1082 1829 occupatum
1100 1732 1168 1808 else
1182 1723 1277 1804 innu-

266 1833 335 1908 scis
369 1832 566 1926 captandis.
611 1832 685 1906 vid.
712 1831 792 1906 An.
824 1831 974 1906 Stockh.
1004 1831 1093 1904 Vol.
1110 1829 1139 1904 1.
1178 1843 1276 1922 pur.

264 1929 310 2006 In
341 1930 470 2004 itinere
498 1951 643 2025 quoque
668 1928 872 2004 Oelandico
898 1942 940 2002 ut
965 1927 1197 2022 spetiaculum
1219 1941 1277 1996 con

266 2027 404 2124 spettus
428 2027 479 2102 est
501 2049 582 2101 cunr
605 2027 711 2102 sociis
735 2026 816 2100 suis.
867 2025 913 2100 It
936 2025 1019 2099 Oel.
1046 2047 1083 2118 p.
1096 2037 1153 2114 85.
1178 2044 1243 2116 109.

363 2140 560 2241 Hoffilqaist
575 2145 658 2238 (M.
674 2138 752 2232 D.)
772 2142 868 2217 Cairi
891 2141 1037 2237 degenti
1052 2139 1222 2215 necessum
1234 2131 1277 2208 sui

265 2267 349 2320 cum
371 2242 526 2316 militum
543 2241 676 2335 stipatu
696 2241 785 2315 urbe
809 2241 931 2330 exire,
958 2240 982 2314 fi
1008 2240 1124 2312 vellet
1148 2257 1221 2314 rure
1240 2230 1277 2302 dt

266 2340 454 2418 scribendo
494 2339 665 2434 colligere
702 2339 853 2414 Naturae
893 2335 1072 2431 quoddam
1116 2332 1276 2430 obicibus

265 2437 502 2518 nihilominus
531 2449 651 2510 tamen
679 2437 878 2530 pericultun
906 2436 969 2530 ipsi
994 2445 1092 2524 erat,
1125 2448 1167 2506 ut
1186 2429 1276 2596 vulp?

265 2539 435 2610 damnum
458 2532 521 2607 libi
548 2534 724 2626 adferret,
757 2536 807 2608 ob
832 2531 928 2608 suam
958 2530 1208 2607 curiositatem.
1260 2533 1276 2588 t

266 2635 336 2709 alia
355 2631 526 2707 reticeam
546 2633 721 2727 exempla.

717 2832 751 2920 s.
801 2823 868 2900 111.

362 2964 446 3040 Nos
473 2963 585 3038 creati
614 2961 730 3038 sumus
757 2964 972 3060 ingloriam
999 2961 1201 3056 Creatoris,
1229 2975 1276 3052 qut

263 3087 341 3140 non
371 3061 578 3160 prestatur,
617 3061 682 3135 nisi
713 3059 924 3135 Creatorem
954 3060 1208 3156 cognoscamus
1237 3071 1275 3148 pet

260 3161 562 3250 Revelationem,
589 3171 651 3231 aut
668 3181 714 3232 ex
731 3157 873 3232 Natura
890 3157 949 3231 sen
967 3179 1080 3250 opere
1105 3149 1275 3260 creationis

261 3260 323 3334 nd
349 3262 421 3334 hoc
444 3259 541 3350 quod
574 3256 734 3348 adtinet,
774 3279 907 3330 vereor
933 3255 1036 3344 sane,
1073 3277 1120 3329 ne
1144 3249 1275 3330 multiu

259 3357 432 3434 mundum
459 3355 652 3442 venerint,
678 3353 712 3426 ἃ
734 3353 816 3427 heic
840 3354 883 3428 ad
906 3352 1076 3426 canitiem
1095 3376 1205 3446 usque
1227 3365 1275 3442 per⁴

124 3477 129 3488 ·
260 3453 477 3544 manserint,
502 3453 562 3546 qui
581 3474 638 3524 res
659 3465 796 3524 creatas
818 3452 958 3524 eminus
981 3463 1120 3524 tantum
1148 3449 1275 3542 adspere·

260 3563 367 3638 runt3
398 3549 492 3623 haud
510 3551 614 3623 aliter
634 3571 675 3620 ac
697 3549 802 3622 bruta
822 3546 1041 3638 animantia,
1068 3571 1145 3640 qua
1169 3543 1275 3640 quiden

260 3663 393 3722 terram
414 3646 544 3721 vident
568 3645 770 3718 viridem&
793 3647 1062 3720 multicolorem
1081 3667 1126 3718 ex
1145 3641 1275 3719 flonbu

260 3747 311 3821 ast
334 3760 506 3840 praeterea
535 3745 637 3819 nibil.
696 3744 781 3817 Hoc
809 3744 897 3818 mihi
923 3743 974 3816 ita
1003 3743 1184 3830 occurrit,
1211 3729 1274 3840 qual

261 3845 341 3939 quis
368 3843 659 3917 introduceretur
675 3841 711 3914 in
733 3843 926 3938 Paradisum
952 3839 1140 3914 shortum
1168 3840 1274 3912 botani-

261 3967 342 4022 cum
368 3939 500 4039 plantis
523 3937 840 4033 instrnttiffimum,
862 3951 904 4014 ut
925 3938 977 4012 ibi
1002 3936 1198 4034 adspiceret
1215 3925 1274 4094 ng
