2712 4770
249 303 557 386 onsrncutn
586 247 875 380 maureium.
1043 311 1092 404 67

108 485 210 550 biberi
239 498 348 562 queat,
382 481 413 546 dt
442 479 606 566 Sqriiicrr,
638 443 808 558 cujor'vir·
825 481 976 543 incidendi
1002 453 1094 548 uisci·

108 571 185 629 duur
209 572 354 638 murima,
384 567 435 625 diu
453 567 561 623 medici
578 563 716 636 usurpare
735 563 823 622 veriti
845 564 930 636 sunt,
952 581 1018 624 cum
1043 569 1093 644 ju.

106 651 181 711 iiam
212 651 367 723 utriusque
394 645 476 706 dosrn
502 647 681 721 ignorarent.
736 639 851 728 Gummi
876 644 989 718 Gutta,
1021 652 1093 725 qui.
1172 683 1184 710 ,

77 789 82 800 ,
107 729 315 800 mocbiicum,
339 729 504 798 omittitur,
531 739 707 802 quamoutm
729 723 839 783 Turcae
865 725 945 785 uiam
968 725 1029 802 ejus
1053 729 1092 790 ,d
1218 745 1221 752 ,

110 825 286 888 quartanam
306 825 363 868 uos
391 807 576 878 docuerunt,
608 803 856 875 &experimenta
879 805 907 864 N
934 806 971 872 Ι),
991 807 1093 872 Prmfi.

34 938 37 948 .
111 893 155 952 dic
189 894 219 951 iu
248 888 434 950 Nosocoario
464 901 617 950 nautarum
645 885 795 946 Hoimeuii
823 887 953 948 instituti
981 890 1094 954 coniit-

111 986 240 1042 mmm.

127 1173 159 1243 7.
196 1151 301 1247 Dosas
321 1154 618 1234 medicamentorum
635 1155 827 1244 pertaigaa.
873 1149 974 1225 Dum
992 1152 1090 1232 enim

41 1247 169 1321 Medici
196 1249 306 1323 nimis
330 1248 428 1321 cauti
452 1247 602 1320 fuerunt
625 1247 663 1320 in
692 1247 906 1347 exhibendis
935 1251 1090 1326 medica-

36 1345 214 1438 minibus,
246 1345 352 1420 inid
384 1343 594 1420 inciderunt
629 1343 875 1438 incommodi,
906 1359 948 1420 ut
980 1369 1091 1444 opem

36 1443 124 1516 ferre
147 1445 401 1518 laborantibus
416 1463 493 1518 non
513 1440 667 1540 pulsent
717 1441 788 1535 Et,
812 1443 958 1520 fatebor
975 1447 1088 1541 enim,

38 1563 203 1616 veremur
225 1563 273 1616 ne
292 1541 431 1614 Medici
451 1540 671 1634 compluries
695 1540 768 1616 hoc
793 1541 944 1618 nornine
962 1540 1088 1620 hodie·
1128 1583 1135 1591 ·
1207 1555 1211 1572 '

38 1659 103 1730 que
132 1652 313 1736 peccent,
337 1639 420 1712 dum
450 1652 665 1732 proponunt
686 1638 872 1714 drachmas
897 1627 1089 1718 heibarum

39 1757 104 1828 pro
131 1735 273 1827 inficio,
307 1735 370 1810 ubi
400 1736 518 1811 unciae
548 1747 652 1810 erant
682 1733 871 1814 sumendae.
948 1739 1090 1816 Contra

41 1833 208 1928 Agyrne,
249 1833 421 1928 intrepidi
452 1833 486 1906 ἃ
517 1831 693 1927 perfricta
728 1833 860 1930 frontis
897 1836 1087 1931 homines,

37 1927 123 2026 stpe
141 1932 179 2026 id
204 1931 374 2027 prestant
400 1931 564 2028 egregie,
590 1930 725 2024 inquo
751 1931 938 2012 Medicum
963 1936 1088 2034 probi·

35 2029 116 2102 tatis
138 2028 336 2104 studiosum
360 2027 516 2104 deiicere
536 2027 675 2104 videas.

71 2181 161 2262 Quod
184 2179 205 2246 fi
227 2183 295 2260 quic
317 2181 354 2246 td
375 2180 549 2244 solvendum
573 2179 763 2245 aivumRiei
799 2200 826 2244 r.
842 2196 955 2278 tautum
975 2185 996 2264 ij
1015 2204 1087 2263 por.

107 2260 492 2418 iat‘atiinintfftt
505 2261 1087 2424 iiistit‘itnninitiant:

111 2440 201 2502 quere
231 2427 278 2484 via
309 2423 371 2500 ejue
398 2423 564 2498 sanguinem
592 2423 803 2486 mundificaudi
830 2427 973 2500 plurimos
1002 2433 1086 2500 iuret.

116 2503 205 2568 thiu
219 2505 299 2566 dofir
316 2507 444 2580 largior,
463 2503 482 2564 u
500 2503 573 2582 quid
592 2519 626 2568 et
643 2503 800 2578 proficier,
822 2505 876 2564 eiie
893 2508 992 2588 debet.
1033 2511 1084 2572 Ad

111 2581 201 2646 Luem
238 2601 394 2648 veneream
431 2599 500 2662 quet
519 2603 557 2646 ex
581 2603 662 2666 regn.
689 2603 755 2668 vag.
780 2587 921 2656 petuntur
954 2589 1085 2668 auxilia,

106 2669 194 2730 etiam
216 2669 347 2744 parciori
367 2667 463 2744 iocre,
485 2681 571 2744 quam
589 2683 643 2746 prr
661 2667 719 2743 eii,
744 2682 832 2730 mauu
848 2671 1054 2748 propinantur.

125 2861 159 2934 8.
186 2849 324 2946 inscitia
343 2857 376 2922 ia
393 2873 429 2923 re
450 2850 607 2952 Buconica
627 2849 963 2946 Pharmaaapooram,
986 2859 1084 2952 piatr-

28 2965 78 3022 tas
89 2950 179 3045 sape
199 2951 396 3021 adniterinas
416 2963 477 3042 pro
497 2953 645 3038 genuinis
669 2952 924 3040 vaticinatam,
954 2953 1084 3044 quibus

28 3045 177 3140 quando
202 3045 365 3118 intentus
393 3065 469 3118 non
498 3041 685 3118 obtinetur
713 3043 884 3142 effetius,
911 3047 1083 3126 absterre.

27 3159 88 3218 tur
109 3144 155 3217 ab
177 3141 241 3216 uia
261 3143 401 3226 illarum
422 3141 460 3216 in
481 3139 664 3235 posterum
687 3135 868 3220 Medicus.

65 3291 127 3355 Pro
155 3289 374 3374 Hermadaiiyii
394 3291 461 3355 rad.
485 3307 555 3432 pua
585 3287 621 3352 td
652 3289 904 3354 Rbeuturrirmum
932 3309 1086 3355 commen·

109 3375 216 3448 detur,
245 3377 390 3435 interdum
419 3369 485 3432 Coie
505 3373 562 3445 ici,
587 3373 657 3432 aliar
679 3373 758 3434 ireos
781 3371 936 3448 cuiusdam
954 3374 1084 3436 radicem

109 3453 289 3528 exhibuere,
311 3469 379 3530 qum
398 3455 511 3514 viribus
539 3451 688 3514 differunt.
744 3451 846 3528 itaque
863 3455 968 3518 incerti
985 3463 1096 3518 rerum¹

108 3535 236 3607 medici,
256 3537 336 3596 iiiam
357 3534 488 3596 deserere
503 3535 597 3596 corin
611 3531 728 3594 tandem
749 3533 825 3601 sunt.
867 3535 925 3598 Pto
945 3534 1084 3617 Scabiosa

111 3615 303 3678 Centaurum
326 3615 367 3680 rt.
391 3617 526 3695 8110708.
572 3613 631 3676 Pro
660 3613 793 3675 Acantho
816 3614 992 3678 Heracleum
1009 3635 1080 3697 231.

109 3697 229 3763 dedere.
279 3695 427 3758 Deiriatie
443 3693 509 3758 red.
533 3698 569 3754 ed
595 3695 796 3768 odontaigitru
823 3701 957 3773 egregie,
980 3702 1083 3774 negle-

106 3779 152 3838 ἂι
172 3778 240 3851 eti,'
259 3793 325 3837 com
352 3775 578 3850 Pharmacopoei
598 3778 790 3854 ignorarent,
822 3793 920 3836 utrum
940 3795 978 3838 cx
998 3777 1082 3840 Den-

108 3861 193 3919 iaria
218 3867 286 3940 5⁶5.
319 3875 354 3916 an
383 3855 519 3918 Latinae
540 3866 609 3928 518.
644 3873 678 3916 an
708 3859 763 3916 alit
801 3860 937 3934 quapiam
971 3859 1082 3920 desumi

107 3938 225 4000 debeat.
279 3935 451 4016 Pimpineiie
478 3935 585 3998 italice
609 3933 674 3997 rad.
698 3937 877 4012 adstringens
898 3941 929 4002 in
950 3939 1081 4000 boemor-

104 4019 213 4101 magia
235 4019 383 4086 crotera
407 4019 741 4165 pmmramgmgioitur.
780 4017 850 4085 iiuc
871 4021 971 4090 adera
997 4025 1090 4180 atra.
