2564 4762
144 173 341 323 peones
371 173 899 290 hmnrcaunuronou.
974 139 1076 278 199'

30 361 199 436 ornemus
225 333 419 448 'effecum
457 357 481 432 n
507 379 539 430 e.
565 377 599 452 g.
627 357 672 430 aa
702 355 885 432 armenam
918 355 1041 432 erach-

30 479 95 532 nam
113 455 325 530 Rhitharbari
344 453 505 530 addimus
530 454 707 530 nonnulla
734 451 963 529 Cinnamomi
978 458 1041 530 vel
1143 479 1152 510 ··

29 555 133 649 Piperls
154 573 281 650 grana,
310 555 413 648 plura
435 551 630 644 efficimus,
664 573 769 647 quam
791 551 1040 628 hdrachmam

29 653 166 748 htegram
187 649 225 723 in
246 649 358 746 duplo
377 649 568 746 aegrotanti
590 649 869 747 porrigeremus.

96 783 236 878 Optima
263 785 442 862 Diureticu
471 783 608 859 habent
638 797 767 878 practer
795 807 878 861 acre
906 787 1040 882 aliquid

27 881 125 956 nlhbiu
150 879 353 972 stimulans,
383 882 482 976 quod
511 881 670 956 intendit
699 905 825 956 eorum
859 883 960 976 vim,
998 899 1040 962 ut

26 980 151 1052 ennium
166 979 305 1073 optime
332 977 543 1054 observatur
568 979 606 1054 in
631 979 869 1073 Armorncia,
900 981 1039 1078 Sinapi,

27 1075 175 1150 Nahurtio
191 1076 225 1149 ἀ
240 1077 393 1168 ceteris,
422 1075 554 1153 &cum
569 1077 707 1150 Medici
728 1077 765 1152 in
784 1078 963 1156 dimetico
980 1079 1039 1155 ad·

28 1173 117 1246 hibent
141 1171 307 1248 uecoua
327 1172 549 1268 Lignorum,
575 1173 711 1248 addunt
742 1173 878 1274 semper
903 1176 1039 1272 aliquid

25 1269 197 1362 sonulam,
221 1285 267 1346 ut
287 1269 436 1346 effectus
457 1291 503 1346 co
527 1271 639 1368 magis
668 1274 899 1347 acceleretur.

27 1411 30 1421 '
93 1405 521 1500 CALEFACIENTIA,
548 1429 625 1502 quae
659 1409 817 1483 calorem
845 1387 1037 1508 adaugent,¹

25 1501 79 1578 lunt
93 1505 226 1600 quidem
250 1503 388 1602 semper
410 1503 535 1600 sapore
559 1505 675 1596 acria,
705 1505 804 1582 sedsr
826 1509 951 1586 odoris
976 1533 1036 1595 ex:

22 1601 106 1690 perta
123 1604 282 1695 luerint,
309 1603 520 1700 plerumque
539 1605 744 1696 corrosiva,
767 1617 809 1680 ut
832 1605 1036 1706 Coccogni·

23 1695 110 1792 dium,
139 1699 351 1796 Capficum,
385 1723 462 1795 quae
492 1701 815 1777 inflammationem
853 1703 1035 1792 efficiunt;

24 1813 76 1884 que
94 1820 176 1872 vero
200 1799 240 1874 in
260 1820 398 1872 nervos
424 1810 557 1895 agunt,
578 1812 622 1872 ut
644 1798 881 1894 Aromatlca,
907 1803 1035 1876 calefa-

26 1889 94 1968 ciunt
112 1895 179 1972 fine
202 1895 392 1972 manifesta
412 1893 644 1986 corrosione,
667 1897 770 1990 cujus
793 1901 934 1994 generis
957 1899 1037 1976 sunt
1127 1903 1128 1910 '

23 1985 242 2088 Carpophylli,
268 1992 390 2088 Piper,
415 1991 598 2090 Galanga‚
624 1993 823 2087 Zedoaria,
847 1995 1025 2074 Aemus.-

87 2127 406 2206 ANALEPTICA
431 2149 568 2203 nervos
592 2131 837 2205 corroborant
865 2130 1035 2224 viresque

22 2221 134 2321 hbent,
164 2227 253 2303 hinc
284 2227 524 2322 promtiorem
555 2225 711 2300 reddunt
744 2227 1033 2319 circulationem,

25 2323 93 2398 utin
111 2327 208 2402 annis
226 2324 452 2422 juvenilibus
476 2324 578 2398 calor
604 2323 738 2416 absque
759 2326 799 2396 ui
822 2325 1032 2400 intenditur.

25 2415 248 2519 luminaque
271 2421 384 2497 ferme
411 2435 452 2496 ut
473 2419 753 2515 Aphrodiliach,
779 2423 813 2496 bc
836 2421 1034 2515 Cordialla,

24 2535 75 2606 que
89 2519 174 2595 hisce
198 2519 392 2596 maximam
415 2529 554 2614 partem
576 2517 725 2591 virtutis
749 2517 816 2596 suae
838 2519 984 2592 debent.
1041 2549 1045 2567 =
1169 2555 1172 2560 ·

88 2651 450 2746 REPELLENTIA,
478 2653 539 2728 vel
564 2663 605 2728 ut
628 2649 708 2726 aliis
735 2654 886 2730 audiunt
907 2653 1033 2752 Discuss

17 2753 99 2826 rhetia
121 2755 154 2832 bt
173 2757 384 2840 mutabo,
406 2763 447 2828 ut
462 2749 655 2846 plurimum
676 2747 791 2825 Tetra
816 2751 921 2842 sunt,
955 2775 1033 2848 que

17 2841 159 2926 suffocant
182 2847 334 2947 quali&
360 2849 506 2945 sopiunt
528 2868 726 2921 nervorum
755 2850 960 2940 abbionem,
991 2861 1033 2924 ut

17 2943 121 3050 opium.
175 2949 214 3028 Si
247 2946 480 3025 Belladonnae
509 2943 639 3020 folium
670 2945 780 3020 oculo
815 2947 1031 3042 adponam,

17 3039 59 3138 uis
79 3055 195 3122 tonum
210 3045 312 3123 suum
332 3043 490 3136 amittit,
516 3042 653 3138 pupilla
671 3041 861 3136 dilatatio,
887 3043 1032 3136 &quali

17 3142 178 3304 gerynn
207 3143 344 3220 evadit.
395 3143 481 3222 Hoc
509 3139 630 3234 itaque
666 3139 901 3234 veriffimum,
934 3140 1032 3236 quod

32 3232 86 3322 δῖε
100 3241 252 3318 laxiores
274 3240 452 3332 evadant,
476 3235 636 3312 &dolor
658 3235 864 3334 mitigetur,
889 3257 1030 3313 omncs·

17 3347 64 3420 que
80 3337 157 3412 vitae
177 3341 276 3416 vires
296 3340 336 3418 in
349 3335 520 3438 suspenso.
533 3333 626 3427 quali
648 3335 818 3412 haereant.
869 3335 967 3413 Hine
992 3336 1030 3432 in

17 3429 188 3530 lrthritide,
222 3435 380 3530 scirrho,
410 3431 613 3508 tumoribus
647 3454 900 3526 mammarum,
935 3431 1030 3508 scro-
1155 3506 1159 3520 ,

17 3523 125 3624 philis,
153 3533 405 3635 ophthalmia,
439 3529 763 3619 hemorrhoidibus
797 3531 904 3608 coecis
941 3555 1028 3626 prae-

17 3615 166 3704 scribenda
198 3631 301 3722 sunt3
341 3631 425 3706 dum
464 3641 584 3724 partes
622 3627 787 3721 corporis
827 3628 1028 3707 nobiliores

17 3721 195 3829 conseruare
220 3727 421 3836 vphunaps,
440 3723 761 3818 &consequenter
781 3725 966 3804 materiam
988 3725 1028 3804 in

17 3813 97 3896 'llum
113 3823 313 3927 propellere
335 3810 471 3920 locum,
495 3825 617 3897 haecce
635 3821 816 3919 applicare
835 3823 1025 3910 saevimus.

490 3921 580 4012 ur
960 3917 1026 4009 nt,
