2572 4756
225 191 373 272 NOXA
401 187 755 270 INSECTORUM.
949 211 1015 288 347

23 371 329 448 CURCULIONES
362 373 451 466 (Fn.
478 375 538 446 Su.
557 373 641 462 464.
663 367 699 444 ἃ
719 361 831 461 474.)
854 381 1023 464 grateriis

56 469 222 546 imitantes
239 472 398 545 muribus
414 471 495 564 plus
513 469 714 556 derodunt,
742 478 893 560 totaque
910 469 1019 546 inter·

52 567 291 664 imperium,
315 569 380 643 nifi
405 568 631 641 ventilentur
653 563 833 638 frumenta
853 567 1019 659 quotidie

51 663 314 761 &expurgentur
340 663 548 759 jattatione.

21 779 230 856 CURCULIO
253 791 428 878 granarius
449 771 762 876 (Fn.Suec'.462.)
791 777 1019 854 Mercatores

50 877 276 956 frumentorum
299 887 396 956 lentes
422 881 561 954 abhoc
592 873 725 952 infesto
749 887 938 968 corruptas
961 877 1017 950 vi·

53 975 145 1050 liffimo
175 977 262 1073 sepe
292 979 414 1073 pretio
446 975 627 1068 vendere,
669 987 732 1048 aut
760 972 881 1048 exesas
910 973 1018 1068 plane

58 1073 151 1165 ejicere
172 1089 361 1174 cogunttu.

84 1209 148 1302 Pila
164 1229 207 1283 ex
224 1209 403 1286 Amerlcae
430 1209 732 1308 Septentrionalis
758 1210 889 1286 incolis
912 1225 1019 1286 antea

23 1298 69 1374 sua
84 1303 166 1380 inille
182 1307 219 1382 in
241 1329 287 1380 ee
306 1309 435 1404 copia,
458 1323 500 1384 ut
522 1331 648 1382 eorum
668 1307 800 1384 semina
821 1331 885 1402 per
903 1307 1017 1382 Meri·

20 1399 136 1474 diunales
158 1406 260 1498 hujus
279 1419 382 1479 terrae
401 1407 611 1501 provincias
633 1405 915 1479 divenderentur
936 1427 1018 1480 cum
1135 1453 1144 1474 .

22 1493 113 1570 sunno
138 1503 257 1594 lucro,
291 1505 417 1577 retulit
448 1503 661 1578 Clariffimus
689 1502 872 1576 Dominus
902 1525 1016 1578 uren

19 1592 148 1670 lboinsrs
175 1599 354 1674 Professor
381 1623 498 1696 nuper
523 1623 568 1674 ex
594 1601 725 1674 itinere
755 1621 820 1694 per
843 1601 906 1674 has
935 1621 1017 1676 oras

20 1691 110 1780 redum
131 1711 165 1768 at
186 1719 280 1770 uero
306 1699 405 1774 limul
435 1699 632 1786 emicavit,
663 1699 736 1772 hoc
760 1699 1019 1774 commercium

22 1789 117 1896 peritus
146 1793 311 1886 miselle,
354 1795 540 1892 pollqunm
579 1793 841 1869 CURCULIO
874 1799 1019 1893 pilorum

21 1885 115 1970 qulm
130 1891 177 1964 ita
192 1891 225 1964 se
245 1893 564 1986 multiplicaverit,
587 1905 629 1966 ut
648 1893 778 1966 exedat
797 1893 874 1968 fere
895 1893 1020 1970 onmia

18 1975 124 2076 sonim,
152 1990 214 2062 vix
243 2003 304 2062 tot
331 1991 485 2082 relitlis,
517 2013 594 2082 quae
623 1989 773 2064 sementi
801 1990 1015 2068 sufficerent.

17 2075 133 2156 lllrrit
172 2087 283 2162 etiam
316 2089 479 2162 laudatus
511 2088 583 2160 Vir
619 2087 715 2160 inter
757 2087 826 2160 alia
862 2088 1018 2182 semina,

17 2176 82 2280 tane
97 2202 113 2252 e
126 2183 276 2280 Pisorum
298 2209 429 2280 genere,
454 2185 549 2260 inter
569 2205 646 2278 quae
664 2183 747 2278 post
763 2183 920 2258 reditum
939 2186 1017 2278 plu·

19 2289 75 2346 tuu
88 2281 212 2373 reperit
245 2281 434 2356 individua
460 2283 565 2376 hujus
593 2285 795 2357 Curculimis
821 2282 937 2356 adhuc
961 2281 1019 2354 vi·

19 2383 60 2456 tr,
79 2395 176 2544 regne
199 2381 295 2454 misrt
312 2403 389 2456 non
407 2395 546 2454 tantum
563 2381 607 2453 ad
631 2377 890 2454 illustriffimum
908 2379 1018 2452 Sene·

21 2469 94 2542 luen
143 2477 292 2550 omitem
314 2477 516 2553 Dominum
540 2496 680 2552 curor..
713 2499 750 2550 o.
774 2497 934 2568 reseru,
959 2475 1019 2550 sed

17 2561 86 2666 ffim
111 2571 149 2644 ad
171 2573 221 2648 D.
247 2573 442 2651 Praesrdem.
509 2575 644 2649 Metuo
676 2573 804 2668 valde,
841 2595 888 2648 ne
911 2575 1018 2670 hujus

15 2657 96 2736 uselli
117 2672 271 2746 colonie
298 2675 343 2748 ab
365 2672 536 2748 America
563 2675 603 2747 in
625 2669 795 2770 Angliam
823 2671 1018 2767 aliquando

14 2769 66 2830 tum
87 2765 156 2840 eliis
185 2767 348 2845 meffibus
380 2771 621 2862 adducantur,
648 2767 790 2844 &hinc
814 2793 927 2866 porro
952 2770 1018 2846 nisr

12 2851 167 2946 mucoris
193 2869 292 2942 obex
321 2869 537 2963 objiciatur,
563 2891 629 2965 per
651 2881 767 2942 totam
793 2867 878 2942 dein
898 2867 1016 2944 Euro·

12 2965 64 3036 lm
81 2955 109 3030 se
129 2961 304 3040 diffundat
326 2957 379 3058 ⁶).

73 3069 144 3152 Nec
167 3083 229 3156 abs
258 3105 298 3158 re
320 3083 401 3158 fore
425 3083 572 3179 judico,
607 3081 690 3158 heic
718 3041 1016 3178 commemorare,

12 3167 76 3248 llod
102 3179 224 3256 eodem
260 3181 367 3276 plane
396 3181 475 3256 fato
510 3179 644 3256 semina
676 3180 899 3278 Diadelplr'ae,
918 3205 1017 3356 cqcuss

15 3383 1016 3442 K————-————-—
1155 3447 1158 3454 ,

35 3457 61 3556 ¹)
73 3467 274 3560 §URCULIO
322 3483 425 3562 iJirru
443 3485 523 3568 gerit
543 3483 598 3548 Cor
616 3503 650 3548 es
664 3485 800 3566 fuscum,
821 3488 1019 3570 magnitudine

12 3531 89 3692 αἰξί
105 3561 235 3657 majoris,
255 3497 415 3644 adfuersuu
435 3563 549 3650 puntlis
568 3499 644 3629 aliis
668 3570 776 3650 vagi53
807 3567 916 3650 Elytra
935 3569 1020 3635 oblu-

87 3649 160 3715 aprce
182 3661 288 3725 nigra,
311 3641 460 3708 &domim
484 3643 569 3728 longe
586 3645 748 3724 breviora‚·
775 3649 895 3712 Thorax
918 3656 1018 3714 tranr-

12 3699 78 3916 ff·
93 3715 201 3794 avalim
223 3723 315 3807 Caput
335 3741 460 3806 paruum
480 3729 695 3802 amineum
720 3732 859 3792 Autem
881 3729 1015 3804 clavata,

37 3797 78 3858 αἱ
99 3794 237 3864 Abdoum
252 3822 273 3864 a
294 3809 324 3866 te

325 3821 395 3884 rgo,
414 3807 460 3870 uti
517 3807 561 3868 icc
580 3805 705 3882 nudum,
725 3809 842 3872 macula
865 3807 936 3872 alba
959 3809 1016 3872 tri·

36 3877 194 3956 tuoruum
215 3881 306 3948 Pedes
318 3888 435 3950 cinerei.
477 3821 690 3968 ffiuucutls
703 3887 1020 3974 Pifisyftmnom.)
