2568 4764
248 277 319 364 258
524 247 1046 340 ··NUTR1X·NOVERCA.·

248 449 348 527 neris
377 443 535 522 colobiis
561 443 880 540 constringuntur,
906 457 948 517 ut
977 445 1137 538 juncea,
1158 436 1269 532 -quist

244 547 324 624 euli
355 545 481 642 genius
508 542 581 634 est,
611 541 780 616 evadant.
832 540 990 615 Uterum
1013 553 1205 616 maternum
1229 537 1269 612 vir

242 644 482 737 ¹reliquimus,
515 651 708 733 antequam
738 639 936 734 depravata
960 661 1030 713 nos
1057 637 1189 730 excipit
1212 657 1269 710 eoa

249 741 424 832 suetud0,
451 752 559 832 atque
588 738 697 812 etiam
723 737 760 809 id
785 727 919 829 ipsum,
945 735 1045 831 quod
1071 749 1194 810 natura
1213 753 1269 808 con

251 839 383 918 cessum
402 838 510 911 nobis
532 836 675 927 voluit,
700 835 875 929 denegat3
900 833 1003 909 LAC
1026 855 1156 928 nempe
1176 843 1269 905 matu

251 961 360 1028 num,
388 937 461 1010 hoc
484 932 712 1007 temerariori
735 931 909 1026 confilio,
934 931 1033 1026 quod
1057 950 1126 1006 nec
1142 930 1269 1016 Baium,

250 1061 321 1114 nec
348 1031 599 1109 immanissrmae
621 1029 786 1120 Leaenae,
820 1042 883 1102 aut
901 1029 951 1104 Ti
995 1053 1034 1104 es
1056 1029 1168 1103 ubera
1189 1045 1269 1118 nuper

247 1160 275 1212 a
293 1134 328 1210 se
347 1135 386 1208 in
409 1133 529 1205 lucem
552 1127 658 1201 editis
682 1125 903 1202 subtrahunt.
995 1126 1167 1202 olendum
1191 1121 1269 1197 omni

247 1253 328 1326 no,
364 1239 438 1304 tam
464 1230 537 1301 late
566 1226 639 1300 hoc
665 1226 798 1299 malum
827 1224 923 1300 inter
946 1226 1114 1306 homines
1142 1217 1269 1316 serpfise

149 1337 157 1354 ⁴
246 1346 296 1409 ut
318 1341 470 1418 matres,
500 1347 578 1418 quae
598 1325 662 1396 vel
684 1322 872 1398 minimum
894 1323 958 1397 fibi
980 1323 1084 1418 supra
1107 1323 1228 1416 vulgus
1243 1315 1269 1392 u

250 1451 341 1528 pere
367 1424 560 1514 videntur,
584 1421 779 1518 inglorium
802 1419 866 1494 srbi
895 1421 1050 1513 ducant,
1076 1415 1269 1516 propriisiu

250 1525 415 1606 sentibus
443 1519 609 1616 proprias
638 1539 809 1594 mammas
836 1519 1033 1614 porrigere.
1085 1521 1206 1624 Quare
1224 1529 1269 1586 nor

249 1622 423 1700 inutilem
441 1617 584 1712 prorsus
610 1635 759 1712 operam
778 1614 970 1711 praestituri
993 1617 1103 1690 nobis
1129 1613 1269 1696 videmur,

252 1717 469 1814 srquaedam
506 1717 577 1788 huc
614 1713 836 1810 pertinentia
873 1733 920 1788 ex
955 1715 1089 1886 reffnlis
1120 1703 1269 1786 diaeteticir

249 1819 468 1895 adferamus.
522 1811 783 1887 Consuetudini
811 1813 956 1906 jamjam
1017 1809 1153 1886 abilitae
1180 1807 1269 1880 belim

253 1913 573 2003 non,·indicimus,
597 1931 716 2004 neque
739 1929 832 1982 vero
854 1909 1005 1984 eandem
1028 1911 1176 2005 penitus
1199 1901 1269 1982 subu

248 2029 334 2090 -tum
360 2012 404 2084 iri
438 2010 577 2104 sperare
604 2008 713 2096 iicet;
753 2007 852 2099 atqui
873 2008 898 2081 fi
922 2007 1020 2082 sorte
1044 2008 1176 2101 quibus
1195 1998 1269 2092 ansat

253 2110 514 2208 praebuerimus
541 2105 748 2199 deponendi
765 2105 995 2200 prejudicio,
1020 2107 1106 2180 voti
1115 2125 1197 2196 ‚nos
1212 2115 1269 2172 eon

253 2223 365 2308 potes
387 2205 502 2282 saiios
529 2203 780 2299 judicabimus.
1268 2229 1269 2236 Ν

729 2389 763 2478 t·
811 2378 841 2457 1.

264 2500 266 2506 ’
326 2579 329 2584 ,
354 2497 558 2574 Confirmat
582 2497 828 2594 experientia,
855 2518 1026 2574 mammas
1057 2507 1268 2592 puerperam

258 2597 518 2688 intumescere,
544 2596 628 2671 dum
649 2598 775 2672 soetum
794 2611 973 2672 maturum
999 2595 1067 2680 effe
1093 2583 1268 2679 construi

257 2697 378 2773 statim
394 2715 436 2768 ac
453 2694 615 2768 excussus
637 2693 688 2768 est
713 2694 852 2787 infans,
878 2695 1009 2789 incipit
1029 2707 1156 2768 uterus
1173 2689 1205 2764 se
1222 2703 1268 2758 ctu

258 2793 424 2886 trahite,
442 2805 564 2885 ,atque
596 2792 757 2887 deposito
781 2792 902 2868 sensim
932 2791 1088 2866 crassiori
1110 2789 1148 2862 aa
1167 2775 1268 2884 pulpos

259 2891 474 2982 substantia,
501 2890 626 2963 evadit
648 2889 794 2964 tenuior
815 2913 856 2964 ac
878 2891 1024 2964 tandem
1043 2889 1121 2962 sere
1143 2883 1268 2962 membra

244 3012 371 3091 neus,
413 3009 486 3082 quo
520 2985 616 3061 fatto
650 2990 820 3062 humores
858 3001 999 3064 uterum
1035 2999 1201 3081 petentes
1228 2985 1268 3050 ut

258 3089 316 3168 sus
331 3108 501 3162 mammas
517 3087 765 3180 repelluntur,
792 3109 869 3181 quae
891 3086 1028 3160 ideirco
1050 3083 1134 3180 post
1152 3069 1268 3156 biduoi

261 3211 342 3264 cum
367 3183 707 3279 horripilationibus
725 3185 954 3279 aperiuntur,
981 3183 1015 3258 δι
1037 3181 1235 3276 producunt
1246 3173 1268 3259 li

262 3286 350 3362 illud
381 3305 464 3358 cum
499 3279 669 3376 sanguine
705 3283 969 3374 commixtum,
1011 3279 1110 3375 quod
1143 3273 1267 3370 catatu

261 3401 539 3476 nuncupamus,
580 3379 682 3472 cuius
720 3381 831 3460 erasae
858 3401 899 3454 ac
935 3379 1140 3474 proprietas
1174 3363 1267 3448 ala&

261 3501 369 3577 pur0,
395 3478 458 3572 ipsr
480 3475 708 3569 succedente,
728 3479 880 3552 muitum
896 3477 1036 3552 differt:
1062 3497 1146 3548 nam
1162 3469 1227 3585 igni
1244 3457 1267 3536 u*

247 3591 402 3666 motum
436 3577 674 3670 coagulatur,
714 3595 791 3649 non
822 3574 921 3650 secus
953 3575 1030 3648 fere
1056 3595 1098 3646 ac
1124 3591 1188 3644 ovr
1213 3563 1267 3639 alba

261 3697 367 3763 men3
393 3671 588 3747 adsumtum
611 3672 767 3766 denique
785 3674 960 3769 purgandi
985 3673 1061 3746 vim
1084 3667 1219 3744 exserit
1244 3655 1267 3730 It

261 3775 365 3865 sans,
392 3793 528 3844 novem
553 3771 725 3844 menfium
752 3770 893 3866 spatio,
931 3772 970 3846 in
999 3784 1106 3844 utero
1137 3767 1267 3864 materni

262 3874 359 3946 intra
379 3868 544 3941 Chorion
559 3868 592 3940 δι
607 3868 772 3942 Amnion
790 3868 966 3960 inclusus,
990 3867 1149 3941 &instar
1166 3856 1267 3958 pullis

263 3967 446 4062 albumine
461 3959 523 4041 suo
541 3967 720 4058 natantis,
746 3968 1007 4044 nutrimentum
1022 3987 1089 4064 per
1108 3983 1151 4040 os
1164 3983 1184 4036 a
1198 3956 1267 4116 liqui

306 4119 312 4126 -
1244 4067 1256 4122 r
