2654 4762
250 230 873 350 396DEM0NSTRAT10NES
904 241 1249 331 pumannum.

249 439 331 521 cat,
356 439 399 500 ut
421 428 563 502 futurus
579 425 749 502 Medicus
772 426 819 502 ad
839 429 1087 525 Medicinam,
1112 447 1157 508 ut
1172 435 1303 514 sunno

249 525 488 602 Oeconomus
516 526 774 602 &membrum
806 528 1034 623 Reipublicae
1064 533 1108 608 ad
1134 533 1298 611 Oecono

178 685 180 692 ,
245 625 377 715 miam,
400 638 442 698 ut
460 624 701 718 Philosophus
722 624 946 703 Christianus
964 629 1010 704 ad
1027 635 1298 728 contemplatio·

244 745 331 799 nem
357 723 599 836 Oeconomiaa
622 720 784 799 Divinae.
992 721 994 730 ’

580 949 582 954 f
700 907 734 994 §.
786 903 854 979 III.

246 1091 251 1098 .
343 1018 494 1094 Cultum
525 1017 560 1092 dt
591 1017 824 1093 conservatio
863 1020 1045 1114 ejusmodi
1076 1021 1294 1116 Hortonm,

240 1131 348 1196 tanto
380 1119 431 1192 est
458 1115 664 1207 difficilior,
704 1132 843 1211 quanto
872 1120 1027 1230 propius
1054 1120 1100 1192 ab
1135 1124 1292 1216 aquilone

241 1219 298 1295 ssti
322 1217 479 1310 fuerint,
506 1215 570 1287 ubi
595 1214 734 1290 hiemes
759 1217 990 1312 frigidiores,
1019 1217 1160 1294 &dies
1183 1219 1288 1316 sepius

240 1316 379 1406 nubili,
416 1337 482 1388 eos
510 1310 691 1386 laetiifrmis
717 1313 801 1388 solis
830 1313 940 1388 radiis
967 1317 1081 1412 longo
1109 1317 1281 1411 quantut-

239 1415 380 1489 ducunt
407 1425 598 1507 tenpore,
639 1433 721 1486 curn
744 1413 868 1487 brevis
892 1413 942 1486 ibi
969 1414 1012 1487 fit
1034 1414 1161 1506 aestas,
1193 1417 1281 1490 luem

238 1513 420 1588 diuturna.
473 1509 594 1600 Hinc,
619 1510 658 1584 in
675 1511 804 1584 Hortis
825 1512 1033 1586 borealibus
1058 1535 1140 1587 non
1160 1513 1288 1610 poliunt

235 1607 1181 1786 llllhihihllll¹¹⁵vialll³llnl¹²l
1202 1613 1287 1784 dh

682 1761 690 1778 ·
1100 1761 1114 1800 a

236 1803 509 1882 australioribus
536 1803 607 1877 huc
634 1804 843 1898 peronius,
874 1805 1006 1901 partim
1035 1804 1095 1879 sub
1123 1807 1193 1882 dio
1218 1831 1293 1884 nun·

236 1926 343 2002 quam
359 1901 550 1978 florescere
565 1901 740 1995 potuine,
767 1905 898 1998 partim
915 1903 1026 1980 flores
1047 1905 1200 1997 quidem
1218 1908 1295 1982 cmi·

234 2001 330 2094 fisse,
357 2000 436 2075 sero
461 2000 618 2074 demum.
636 2014 834 2091 autumno,
866 2002 926 2076 fed
956 2002 1149 2099 ingruente
1185 2005 1298 2080 hieme

233 2099 370 2177 femina
400 2097 531 2174 frustra
565 2097 668 2171 fuilie
697 2097 922 2193 exspeiiata,
951 2122 1035 2174 cum
1062 2101 1129 2176 vix
1165 2103 1298 2200 aperus

148 2283 151 2290 .
233 2199 388 2277 fioribus
422 2197 535 2292 frigus
559 2196 692 2269 irruat.
764 2197 935 2292 Exempli
964 2199 1074 2292 loco,
1115 2201 1299 2297 pleraeque

232 2297 354 2375 herbae
371 2318 417 2369 ex
431 2293 602 2368 America
621 2294 760 2367 boreali
777 2293 845 2368 effe
868 2295 1024 2390 poliunt.
1075 2297 1159 2372 Hac
1179 2299 1297 2375 aestate

232 2397 271 2474 in
293 2396 417 2470 Horta
434 2391 561 2467 nostro
576 2391 824 2484 Academico,
848 2394 968 2468 varias
987 2393 1145 2470 vidimus
1169 2398 1300 2473 herbas

230 2491 471 2588 Hispanicas,
499 2491 622 2564 calore
648 2489 775 2564 nostro
800 2513 879 2566 non
903 2505 1120 2586 contentas,
1148 2499 1300 2571 occulte

230 2589 391 2669 floruisse
427 2588 500 2662 fine
534 2590 698 2678 corolla,
742 2588 800 2662 sed
831 2587 967 2664 semina
1000 2604 1123 2668 tamen
1159 2593 1299 2670 fecisse.

229 2691 342 2766 Tales
367 2687 466 2761 sunt:
500 2688 608 2780 Cistas
628 2701 805 2779 guttatus,
836 2691 943 2783 Cistas
961 2689 1189 2786 saliaifhlius,
1226 2699 1298 2769 Sal-

230 2798 288 2864 via
319 2789 520 2872 verbenaca,
559 2787 668 2858 Silene
695 2785 849 2880 parteafis
862 2839 876 2875 ‚
917 2791 1122 2862 Cruciaaaiia
1153 2799 1301 2886 patulac

229 2909 309 2982 quae
326 2904 454 2957 omncs
474 2905 575 2976 aeque
598 2904 641 2955 ac
661 2885 861 2978 campanula
873 2883 1068 2981 perfaliaaa,
1098 2891 1301 2985 Conpmsda

228 2987 386 3082 hybrida,
414 2981 547 3054 Racilio
572 2983 785 3074 clandestina,
822 2982 978 3079 Taffllago
1000 2983 1200 3074 Anausaro,
1228 2989 1301 3062 La·

225 3093 326 3160 mium
343 3084 591 3177 amplexicaale,
623 3080 760 3173 Ipomaa
773 3081 838 3154 Pes
856 3085 987 3174 tigridis
999 3134 1020 3170 ,.
1039 3085 1201 3174 corollas
1218 3107 1302 3162 non

226 3179 446 3270 ostendunt,
472 3176 497 3251 fi
526 3179 686 3250 calorem
716 3197 795 3250 non
819 3176 1013 3254 habuerint
1043 3179 1297 3258 sufficientem.

224 3281 327 3356 Non·
349 3277 421 3350 srne
454 3274 707 3370 indignatione
734 3274 848 3348 video
876 3276 1103 3372 Lappoaicas,
1135 3279 1173 3353 dc
1200 3279 1298 3376 ipsas

224 3380 367 3474 plantas
395 3372 576 3468 Alpinas,
606 3393 653 3445 ex
683 3373 888 3446 climatibus
922 3373 1180 3470 frigidiffimis,
1211 3381 1299 3473 pari

223 3473 392 3553 molestia
421 3472 459 3546 in
483 3469 614 3544 Hortis
637 3471 802 3543 cultione
828 3473 1044 3566 propagari,
1077 3488 1120 3548 ut
1151 3476 1249 3568 illae,
1277 3499 1299 3550 a

223 3571 365 3650 mitiori
393 3567 551 3644 adduae
575 3567 742 3654 climate3
770 3569 882 3640 immo
908 3589 953 3642 ex
978 3568 1114 3666 frigore
1142 3573 1297 3647 hiemali

222 3671 355 3769 perire.
407 3666 505 3742 Nam
528 3667 625 3740 circa
647 3665 759 3739 finem
782 3666 910 3740 lnenfrs
938 3665 1090 3764 Augusti
1120 3671 1159 3744 in
1182 3669 1293 3766 Alpi·

221 3774 290 3846 bus
308 3765 377 3841 fuis
391 3765 551 3862 frigidis,
578 3763 660 3858 post
678 3764 766 3838 duas
778 3763 856 3837 fere
875 3762 1002 3839 noiies
1013 3768 1150 3861 gelidas
1167 3768 1294 3844 subito

222 3861 1297 4062 litteflttsslllffiltlllssalllllldihah

342 4015 355 4058 2

1183 4059 1291 4152 Hac,
