2568 4764
199 139 312 248 '200
395 164 602 246 ononus
632 163 1158 248 Mrntcnnrauronun.

235 343 312 437 At,
343 346 571 442 srunquarn,
599 361 697 423 certe
723 347 783 422 hic
811 348 997 441 prudentis
1015 347 1155 426 Medici
1179 367 1276 444 opera

235 444 453 537 requiritur,
486 467 532 520 ne
557 447 637 540 plus
665 444 897 534 detrimenti,
920 446 1167 539 quam'auxilii
1193 445 1269 519 adio

235 552 340 632 rant,
364 543 546 637 praecipue
561 567 630 636 ne,
655 544 840 618 materiam
866 543 1087 618 immobilem
1110 541 1268 638 depellen-

176 651 183 677 s
234 637 308 729 do,
330 659 554 735 gangrenam
575 642 687 736 partis
711 641 884 716 excitent.
935 641 1023 735 Ejus
1052 641 1187 716 indolis
1209 638 1276 718 sonti

235 732 431 829 solanum,
457 736 732 832 Hyoscyamus,
757 737 982 831 Aconitum‘,
1001 739 1162 832 Cicuta,
1184 737 1276 820 Maur

234 829 410 928 dragora,
433 835 669 932 Papaverina.
708 835 765 911 Ita
783 835 903 930 Empi.
924 835 968 910 de
986 837 1120 910 Cicuta
1138 837 1176 911 in
1198 825 1276 908 set-l

235 928 305 1004 rho
318 954 571 1025 mammarum,
596 934 686 1007 Rad.
697 933 951 1031 Mandragorae
968 934 1004 1008 in
1018 934 1182 1029 Podagra
1194 929 1266 1006 usin·

234 1041 386 1122 pantur:
412 1031 489 1104 haec
508 1045 627 1104 autem
644 1032 787 1106 interne
804 1027 949 1105 allumta
959 1033 1170 1129 Expellentia
1184 1029 1276 1122 fiunt,

234 1122 273 1197 dc
292 1147 373 1200 cum
395 1127 522 1204 sudore
548 1152 612 1221 pcr
639 1139 805 1204 naturam
830 1129 1092 1224 exprimuntur.

331 1261 725 1338 EXHILARANTIA
754 1265 794 1340 in
830 1263 1018 1338 Medicina
1049 1259 1205 1357 duplicis
1230 1259 1276 1332 iuz

193 1404 199 1432 r
234 1361 362 1458 primis
389 1361 531 1456 generis
558 1359 658 1454 sunt,
684 1361 718 1434 dc
745 1373 875 1456 prater
902 1361 1044 1456 spiritus
1074 1359 1264 1444 destillatos,

236 1459 405 1554 Opium,
446 1459 650 1554 Peganum,
684 1459 810 1553 pollen
844 1459 1047 1550 Cannabis,
1084 1457 1222 1532 Crocus
1244 1451 1276 1524 lu

234 1554 457 1644 Horminum
481 1555 564 1630 satis
590 1555 670 1629 lunt
695 1567 806 1650 nota,
833 1579 911 1651 quae
936 1555 1028 1650 justa
1054 1553 1131 1636 dost
1160 1551 1276 1628 erhilt-l

235 1666 341 1749 rant,
364 1653 494 1749 majori
517 1674 608 1728 vero
629 1653 829 1749 infatuant,
852 1653 886 1728 &
907 1653 1074 1748 soporem
1094 1652 1250 1732 efficiunt

496 1857 1029 1944 ADDITAMENTA.

237 2009 422 2119 Poliontbis
455 2007 549 2082 odor
578 2011 756 2086 conclave
783 2009 932 2106 implet,
957 2001 1268 2102 hypochondriaris

334 2127 479 2182 noxius.

235 2207 340 2284 Nerii
364 2203 465 2281 floris
483 2204 576 2276 odor
594 2205 689 2279 intra
707 2207 885 2282 conclave
901 2205 1170 2295 incarceratus,
1193 2197 1267 2274 occi·

334 2303 389 2377 dit
408 2300 497 2393 saepe
518 2302 751 2378 dormientes.
1275 2301 1276 2396 i

236 2398 349 2480 Auen
383 2399 565 2571 mffihtzltaeo
580 2399 674 2474 odor
707 2398 862 2476 suffocat
895 2395 1118 2492 hystericas,
1150 2394 1276 2484 viduor

333 2521 401 2594 pro
473 2519 542 2570 ua.
1275 2551 1276 2566 ,

237 2597 441 2692 Hipponem
461 2593 576 2667 halitu
600 2593 738 2669 occidit
759 2592 927 2668 homines
952 2591 1147 2670 sninami.
1275 2617 1276 2690 ζ

237 2693 424 2796 Juglnndis
449 2693 576 2765 umbra
596 2693 716 2790 gravis
740 2693 861 2764 alvum
883 2689 981 2764 listit

238 2791 413 2960 Amgiytrlsl
434 2789 472 2862 in
494 2787 603 2865 Creta
627 2791 742 2865 odore
762 2787 891 2886 capitis
913 2786 1147 2886 gravedinem
1168 2785 1263 2861 infert

367 2909 386 2959 e
416 2909 504 2981 .23.
801 2915 806 2918 ·

238 2989 366 3081 Botrys
385 2985 478 3058 inter
494 2983 710 3058 Heracleum
726 2984 760 3057 da
774 2983 941 3062 Iconium
962 2983 1092 3084 capitis
1115 2981 1264 3060 temulan

337 3084 424 3156 tiam
449 3082 599 3156 inducit
648 3081 737 3155 Bell.
757 3087 837 3173 164.

238 3186 368 3280 Napata
388 3181 421 3253 δι
443 3181 583 3254 Morum
604 3183 715 3253 uerum
734 3177 843 3253 ‘Feles
865 3178 960 3276 quali
981 3181 1019 3254 in
1044 3179 1079 3254 se
1098 3179 1244 3256 fascinat

243 3283 406 3356 Volucrin
421 3278 536 3352 allicit
556 3299 663 3352 canes
680 3292 721 3351 ut
735 3277 897 3374 mingant
915 3277 952 3352 in
972 3299 1054 3352 eum
1075 3279 1136 3374 qui
1153 3283 1263 3374 portat

240 3377 408 3455 Halieion·
434 3379 500 3450 alli
526 3375 628 3449 radix
655 3375 800 3451 incaute
829 3373 954 3450 effossa
976 3375 1193 3455 horrendum
1214 3387 1276 3442 v,

334 3477 460 3548 mitum
486 3469 615 3546 causat.

240 3575 390 3670 Stopelioe
415 3571 482 3644 flos
503 3569 688 3645 cadaveris
710 3571 820 3646 instar
841 3569 986 3646 foetidus
1012 3571 1127 3646 allicit
1143 3561 1263 3644 Muscas

334 3668 543 3742 carnivoras
566 3667 750 3765 deponere
775 3693 860 3744 ova.
1275 3679 1276 3702 ¹

240 3765 416 3846 Drama·
439 3764 509 3841 flos
528 3768 716 3844 teterrimo
735 3767 898 3852 omnium
917 3765 1044 3843 odore.
1080 3767 1179 3844 Hori.
1196 3747 1260 3851 diff

1196 3939 1258 4016 Ra.
