2572 4756
251 245 323 322 330
447 175 723 308 annac‘tttn
749 217 1104 318 totsectottum,

249 399 377 498 pollen
401 399 630 472 antherarum
661 393 764 491 super
791 398 955 496 stigmata
981 405 1111 478 florum
1137 401 1266 482 cribrans

251 499 490 595 spargensque
513 495 651 570 furfure
678 499 931 573 tantummodo
954 513 1147 594 centetum
1165 517 1201 577 ut
1219 489 1278 580 nol

249 598 361 770 metr
388 594 427 668 in
449 593 527 670 Art.
554 597 679 670 Stooti.
708 616 813 690 1751.
833 603 944 694 p256.
976 603 1154 699 eleganter
1179 601 1278 682 decla-l

353 828 470 902 Cicada
478 825 649 922 spumaro'o
669 820 753 920 (Fu.
766 829 824 901 Su.
839 821 947 922 636.)
970 831 1008 906 in
1030 829 1278 906 admirationem

251 927 490 1026 speilatorom
526 921 682 1016 spumam
712 945 777 1016 per
807 925 1014 1002 innumeras
1047 929 1192 1002 bullulas
1217 949 1266 1004 noo

251 1025 375 1122 ejicit,
400 1023 495 1095 intra
516 1041 603 1113 quas
620 1019 749 1094 debilis
773 1023 889 1098 adhuc
912 1026 1014 1099 larva
1034 1026 1206 1122 &pupula
1225 1047 1267 1100 ot·

250 1126 429 1210 cultatur,
455 1140 503 1192 ne
527 1117 571 1190 ab
596 1117 725 1191 avibus
754 1119 905 1216 aliisque
926 1122 1068 1200 inseetis
1094 1125 1278 1208 devoretur„

250 1224 330 1302 Ait.
349 1223 474 1295 Stooleh.
497 1237 601 1309 1741.
624 1231 661 1312 p.
682 1239 763 1290 221.

347 1359 581 1433 lolneumonem
608 1349 721 1444 Rejus
752 1351 790 1426 in
815 1354 909 1448 Hisl.
941 1355 1054 1452 Insem
1084 1372 1123 1452 p.
1139 1351 1264 1444 inseite

252 1464 533 1536 commemorat:
569 1445 675 1547 Junii
694 1471 750 1522 21.
775 1451 847 1526 An.
868 1459 973 1547 1667.
995 1460 1179 1528 eommunis
1201 1453 1278 1541 nosne

247 1561 374 1654 generis
403 1551 550 1646 vespam,
584 1546 746 1641 (speciem
769 1551 841 1643 jam
864 1575 926 1622 oon
950 1543 1146 1640 recordor),
1178 1563 1278 1646 ouant

249 1649 506 1745 uiridemseipso
521 1649 619 1741 triplo
633 1647 781 1739 majorem
794 1653 966 1722 trahentem
978 1652 1071 1736 uidi,
1096 1671 1195 1743 qrtmn,
1208 1643 1266 1742 pos·

250 1774 345 1848 quum
361 1773 409 1822 me
426 1744 644 1842 presente&
657 1744 826 1839 stellante
841 1749 883 1818 ad
904 1753 1001 1820 unius
1025 1751 1157 1820 circiter
1173 1749 1269 1841 malta

194 1943 197 1952 y
248 1849 363 1943 nosire
390 1844 543 1937 mensure
562 1847 586 1914 i.
606 1862 633 1913 e.
663 1842 730 1930 15}
750 1845 846 1936 pedes
870 1839 1078 1940 deportasset,
1100 1859 1194 1940 prope
1209 1831 1272 1930 oris·

250 1954 336 2021 cium
358 1945 518 2024 cuniculi,
547 1960 635 2032 quem
647 1937 712 2031 fili
723 1943 820 2034 prius
839 1947 874 2013 in
890 1957 979 2013 terra
1000 1953 1219 2023 excaeauerat,
1237 1939 1272 2006 lt·

244 2044 376 2146 posuit:
408 2039 535 2112 Deinde
555 2039 664 2131 pilula
694 2050 820 2124 terrea,
848 2061 910 2130 quo
928 2040 1123 2134 prediitum
1151 2031 1273 2128 mileion

249 2145 479 2222 obturaverat,
504 2148 642 2218 remoto,
669 2133 739 2228 ipso
762 2133 867 2228 prius'
887 2141 922 2206 io
951 2139 1161 2210 cavernulam
1184 2131 1272 2228 doscoe

249 2245 321 2327 dit,
350 2239 393 2324 ἐξ
411 2235 482 2331 posi
503 2247 644 2326 paruam
671 2233 752 2304 tntae·
775 2254 894 2304 moram
912 2237 1030 2304 iterum
1048 2233 1206 2328 os'eerrdit,
1224 2249 1272 2299 ern·

249 2358 397 2431 comque,
427 2355 519 2427 quom
535 2330 637 2422 jttxta
659 2326 806 2418 foramen
831 2331 1032 2426 deposuerat,
1061 2327 1273 2426 opprelmdmn

246 2439 354 2533 secum
376 2439 410 2505 in
429 2429 610 2503 cuniculum
627 2427 769 2511 devehit,
795 2448 888 2519 eoque
903 2429 984 2500 inibi
999 2429 1114 2500 relr'ita
1127 2449 1195 2500 mor
1206 2422 1275 2496 rediit

241 2536 335 2632 solo,
364 2531 563 2622 glooottsqoe
587 2529 701 2595 terreis
723 2519 888 2616 ossoomtis,
912 2547 1008 2596 unum
1024 2524 1098 2620 posi
1124 2523 1276 2597 oneoon

249 2631 433 2704 ooootootom
460 2626 625 2707 devolvit,
654 2622 698 2706 ὃ
717 2636 777 2714 per
805 2625 980 2694 interuallo
1005 2623 1146 2716 podibus
1172 2619 1276 2692 minio·

247 2731 341 2800 ribus
366 2724 523 2818 raspondo
543 2719 607 2811 (ut
630 2741 720 2790 coms
735 2711 865 2813 solent)
883 2722 1052 2814 puluerem
1074 2717 1263 2815 retrorsur'

243 2823 392 2918 foramen
418 2821 570 2912 conjecit,
594 2818 734 2908 idemque
758 2834 835 2911 opas
857 2821 983 2912 repetiit
1013 2840 1084 2888 cum
1106 2821 1235 2913 puluere

242 2925 363 3022 pilulis
383 2921 585 2997 alternatim,
612 2916 704 2985 donee
717 2917 885 2986 anniculas
903 2919 1033 3009 penitus
1056 2920 1200 3010 eppinus
1216 2901 1269 3005 esti

247 3021 319 3119 ipso
341 3020 507 3110 aliquoties
532 3009 747 3104 descendente,
775 3010 836 3104 (ut
857 3016 936 3084 mili
954 3005 1154 3098 videbatur)
1175 3011 1213 3082 od
1233 3021 1268 3076 ter

247 3143 321 3193 ram
348 3113 579 3209 deprimendam
601 3108 930 3202 &condensandum
956 3110 1056 3204 senei
1088 3116 1185 3182 etiem

247 3225 367 3292 iterum
397 3216 431 3284 in
456 3213 568 3304 pinum
598 3204 771 3298 adslontem
799 3210 962 3294 evolante,
994 3209 1035 3279 ad
1061 3205 1194 3299 rufinam

243 3314 410 3414 petendam
452 3321 546 3378 terre
584 3304 835 3395 conglutinante
872 3304 916 3388 ἐξ
951 3309 1039 3398 operi
1076 3297 1276 3394 consolidando

250 3411 384 3504 Repleto
402 3404 563 3498 foramine
587 3401 630 3485 δ’
652 3423 723 3470 arom
751 3413 845 3471 terroe
863 3397 1037 3496 superficie
1059 3387 1229 3494 contonam,

248 3511 358 3582 aditos
382 3527 443 3576 non
464 3504 602 3595 amplius
629 3493 728 3592 posset
751 3497 908 3590 discerni,
935 3500 997 3570 duo
1013 3503 1087 3593 pini
1105 3495 1190 3589 solio
1211 3465 1278 3656 Ἢ

249 3611 355 3680 centia
381 3597 507 3697 assumit
528 3599 572 3682 &⁹
588 3595 690 3688 juxto
717 3591 875 3685 orificium
901 3600 1044 3668 cuniculi
1070 3595 1226 3691 deposui,

249 3709 353 3784 lorum
369 3701 430 3792 (ut
446 3695 615 3788 verifimile
632 3686 699 3785 esi)
711 3690 913 3784 fignoodum.
960 3689 1048 3795 Quis
1068 3697 1133 3766 loeo
1151 3713 1209 3762 non
1221 3689 1255 3756 ro'

248 3808 387 3876 miratur
406 3792 619 3888 &slupeoti’
649 3796 720 3882 quis
736 3792 917 3884 hujusmodi
933 3807 1027 3886 opero
1042 3812 1136 3863 mere
1152 3809 1217 3862 moa
1239 3789 1245 3800 '

243 3895 343 3998 posset
366 3894 578 3994 attribuere?
629 3883 934 3964 observationem
968 3885 1053 3988 Roji
1083 3887 1123 3968 in
1154 3879 1276 4057 dufbice

1209 4000 1226 4052 o
