2680 4770
205 373 215 402 .
274 257 325 357 75
510 233 733 334 inaura
765 227 1097 336 nscunrnrn'.

271 447 369 512 runt
437 435 655 530 Cortbufianis
684 437 857 512 Monocbis
892 460 1020 511 carnes
1052 435 1194 533 gustare
1224 438 1310 516 inter

270 533 405 606 dictum
419 531 491 624 est,
517 545 638 608 tamen
655 533 829 607 athletici.
883 538 1058 609 Strufiuru
1075 539 1219 610 dentium
1236 559 1311 630 aequ

269 631 477 706 luculenter
495 631 694 722 monstrat,
725 632 912 704 hominem
936 631 980 704 ad
1005 634 1228 728 vegetabilia
1257 637 1311 729 pu]

269 726 358 823 posa
382 727 578 801 &fructos
611 728 805 818 carnosos,
840 729 994 824 drupas,
1020 731 1173 822 baccas,
1210 753 1311 827 poma

270 847 408 916 nuces,
454 825 491 898 in
523 827 650 920 primis
683 827 953 916 comedendas,
993 827 1211 902 fabricatum
1254 828 1311 900 esse

270 923 331 995 Sic
347 944 493 1016 quoque
513 926 670 1018 majores
686 923 800 996 nostri
819 923 856 998 in
873 924 1025 1019 Europa
1039 925 1160 998 herbis
1183 926 1219 1000 dt
1237 929 1311 1022 glan

270 1019 390 1110 dibus,
416 1021 546 1113 Argiui
565 1021 688 1115 pyris,
721 1022 818 1095 Medo·
839 1021 1051 1117 amygdalis,
1068 1024 1245 1118 Babylonii
1260 1025 1311 1117 pal

270 1119 359 1208 mis,
384 1119 538 1212 AEgypto'i
559 1119 770 1212 nymphea,
798 1120 1007 1206 Athenienses
1029 1117 1195 1214 ficubus,
1225 1121 1312 1216 Persa

269 1214 488 1289 Terebinthi
522 1215 662 1306 aaron,
701 1215 884 1310 quondam
916 1217 1140 1292 viuitarunt.
1193 1217 1245 1292 Et
1274 1217 1312 1295 ad

268 1315 341 1388 huc
366 1313 527 1406 plurimae
552 1314 744 1404 nationes,
777 1313 973 1408 praesertim
996 1313 1110 1404 Asiae,
1138 1313 1227 1388 solis
1257 1315 1312 1387 Pal

269 1431 407 1486 marum
426 1411 621 1502 srutbibus,
643 1411 747 1483 varie
761 1411 993 1506 praeparatis,
1019 1411 1162 1506 &aqua
1182 1413 1312 1486 vivunt

269 1509 378 1600 idque
400 1509 472 1582 s1ne
491 1507 592 1584 ornni
617 1509 694 1581 fere
710 1531 817 1599 cura,
847 1509 881 1581 dt
904 1522 962 1580 tot
984 1509 1209 1604 myriadibus
1231 1512 1312 1584 labo

267 1629 349 1681 rum
370 1605 528 1702 ignotis,
561 1607 691 1702 quibus
713 1607 882 1702 agricolae
898 1606 1012 1678 nostri
1033 1629 1098 1700 per
1121 1621 1244 1681 totum
1270 1627 1312 1678 an

266 1725 355 1782 num
378 1715 593 1799 gravantur3
623 1703 788 1796 adeoque
808 1703 1133 1777 KAEMPHERUS
1154 1705 1249 1778 baud
1262 1702 1312 1776 ini·

269 1823 339 1895 que
369 1800 582 1890 contendit,
625 1801 660 1875 se
690 1802 828 1874 nullum
862 1823 1020 1892 unquam
1052 1801 1180 1874 vidisse
1214 1821 1313 1896 popu

269 1899 370 1990 lum,
405 1899 479 1970 hoc
510 1898 654 1972 facilius
684 1898 719 1971 δι
749 1899 942 1991 tranquille
975 1898 1087 1993 magis
1122 1901 1313 1988 viventem,

267 2015 352 2169 cffm
362 1995 453 2166 stsuis
486 1996 635 2090 palmis;
676 2018 783 2090 quem
811 1996 896 2096 ideo
924 2007 1092 2070 veterum
1125 1997 1313 2094 Lotophagos

268 2116 339 2172 ee
394 2093 498 2166 atuit.

366 2188 433 2262 Ast
467 2190 635 2286 insignius
667 2187 810 2262 demum
846 2187 951 2260 arieto
986 2211 1119 2285 genere
1152 2189 1313 2280 humano,

266 2312 346 2368 non
372 2288 541 2362 omnibus
560 2301 673 2360 terras
702 2284 806 2360 hasce
827 2286 1024 2359 fertiliores
1053 2288 1257 2361 inhabitare
1283 2285 1313 2358 li·

267 2389 366 2476 cuit,
393 2384 450 2459 sed
474 2399 648 2480 utrosque
672 2385 781 2478 polos
813 2383 965 2478 propius
995 2384 1181 2458 domicilia
1214 2383 1314 2457 trans·

265 2486 361 2563 ferre
387 2483 503 2557 coacti
526 2482 606 2557 sunt
630 2482 787 2576 plurimi.
835 2480 920 2554 Nec
950 2481 1001 2554 ibi
1025 2497 1203 2576 perpetua
1228 2479 1314 2554 aestas

266 2585 386 2657 cibum
411 2580 576 2676 quotidie
604 2580 685 2673 ipsis
714 2579 752 2652 in
776 2601 903 2651 manus
927 2580 1022 2672 quasi
1052 2580 1240 2674 porrexit,
1266 2571 1314 2650 sed

264 2681 413 2774 longior
441 2679 556 2750 hiems
588 2676 684 2748 haud
721 2697 867 2769 quoque
898 2677 1064 2771 exiguam
1107 2677 1314 2772 exposcebat

264 2778 382 2851 vissus
404 2776 570 2868 copiam,
599 2773 704 2846 brevi
724 2773 843 2846 aestate
868 2775 1166 2868 conquirendam.
1218 2769 1314 2848 Novi

263 2875 386 2966 itaque
414 2874 542 2945 horum
572 2871 756 2945 climatum
787 2869 940 2962 incolae,
967 2886 1098 2946 terram
1131 2874 1220 2946 alias
1248 2887 1314 2944 non

260 2971 491 3066 frugiferam,
521 2983 641 3048 aratro
670 2967 705 3040 δι
736 2969 859 3064 ligone
887 2971 1058 3042 excolere
1084 2970 1213 3044 allidue
1242 2969 1314 3042 alla·

260 3074 460 3159 borarunt,
487 3083 529 3142 ut
552 3069 624 3141 hoc
646 3066 759 3139 modo
782 3068 1026 3158 frumentum,
1050 3068 1240 3141 &exinde
1262 3085 1314 3158 pa·

259 3191 366 3258 nem,
395 3167 439 3238 ad
462 3164 674 3259 supplendas
701 3166 804 3237 vices
826 3165 1026 3250 furtiuum,
1054 3166 1136 3259 ipsis
1160 3159 1314 3260 suppedi-

258 3278 366 3340 taret.
417 3265 472 3337 Ut
493 3286 586 3335 vero
616 3261 733 3334 adhuc
755 3263 867 3334 tutius
894 3261 1091 3335 &uberius
1116 3261 1207 3354 sese,
1234 3279 1314 3332 con·

258 3377 316 3436 tra
343 3360 547 3434 immensam
575 3359 733 3436 hiemum
758 3361 1000 3432 voracitatem
1026 3360 1121 3454 quasi
1148 3359 1183 3432 de
1206 3357 1312 3452 inglu·

259 3461 381 3548 viem,
413 3458 690 3551 praemunirent,
717 3457 836 3528 varias
863 3479 941 3529 eam
972 3458 1009 3531 in
1035 3481 1109 3530 rem
1134 3455 1312 3550 excogita·

257 3570 345 3635 runt
372 3569 487 3642 artes,
524 3555 653 3648 quibus
688 3569 751 3625 aut
778 3553 915 3658 xistum
942 3577 962 3627 a
989 3553 1254 3648 putrefactione
1283 3547 1314 3618 dc

255 3655 361 3730 varia
385 3651 626 3728 destructione
652 3650 870 3742 liberarent,
901 3665 965 3724 aut
992 3654 1102 3724 etiam
1135 3651 1312 3724 variarum

255 3753 449 3830 herbarum
480 3749 515 3823 δι
550 3761 751 3822 aromatum
791 3749 1054 3844 impositione,
1100 3749 1314 3850 sapidiorern

255 3849 461 3928 redderent.
524 3847 623 3920 Hinc
653 3844 724 3921 Ars
753 3845 997 3938 Coqninaria,
1034 3848 1094 3940 qui
1121 3841 1311 3936 multiplici

255 3946 448 4039 coitione,
474 3942 670 4037 allatione,
695 3935 818 4020 saliuin
839 3943 874 4018 δι
896 3959 1097 4021 aromatum
1129 3939 1308 4020 conditio·

1245 4054 1301 4119 ne,
