2568 4764
249 263 322 337 ψ
530 237 733 316 aarum
761 237 1030 319 unvanus„

248 419 544 516 plures-propter
560 420 616 493 lac
634 421 838 514 petredium
859 424 1055 514 bubulum,
1080 423 1142 496 vix
1154 424 1267 498 'habere

249 519 429 607 reddum,
458 530 500 590 ut
527 529 709 591 taceamus
736 543 899 616 magnam
926 523 1022 594 illam
1042 521 1265 615 differentiam,

249 636 329 709 quae
346 614 513 688 animalia
528 613 864 712 antlrropomorpha
883 621 918 694 dc
939 641 1074 714 pecora
1089 621 1266 693 naturaliter

246 712 468 800 intercedit3
508 715 618 788 catuli
654 715 823 790 nimirum
853 718 964 790 ubera
999 717 1126 814 sugunt
1156 717 1265 808 felium,

246 811 365 902 lroedi,
395 811 544 902 ovium,
577 811 805 900 &vicillima
836 811 1004 891 rariffime
1032 829 1150 888 autem
1173 814 1257 906 Phyt'

247 931 341 984 vora
363 907 596 1003 Carnivoris‚
626 923 689 986 aut
706 910 806 988 versa
822 913 906 987 vice
922 913 1033 988 ubera
1049 913 1233 1010 porrigunt

698 1135 731 1226 r.
781 1053 850 1218 rr.

247 1259 250 1268 ’
348 1263 470 1340 Nimis
490 1265 592 1364 longi
620 1263 788 1358 essemus,
818 1290 859 1341 ac
883 1267 922 1342 in
944 1265 1146 1342 voluminis
1165 1269 1262 1341 molm

248 1365 352 1460 supra
381 1378 508 1438 tenues
537 1361 676 1441 nostras
706 1365 895 1440 facultates
913 1367 1105 1447 cresceret
1135 1365 1272 1460 opusi:

162 1507 168 1515 -
249 1463 404 1557 singula,
431 1483 508 1555 quae
531 1461 575 1534 ad
597 1462 757 1536 nobilem
784 1463 877 1538 banc
896 1465 1083 1540 materiem
1101 1463 1263 1558 pertinent

248 1559 412 1656 persequi
438 1581 674 1648 conaremur3
707 1559 854 1636 sufficiat
878 1561 988 1660 igitur
1015 1559 1160 1650 dixisse,
1183 1559 1263 1633 nutri·

249 1667 309 1732 ce's
326 1679 510 1752 nunquam
538 1655 755 1732 affumendas
779 1659 869 1752 elie,
899 1660 963 1734 nisr
985 1659 1073 1732 dura
1096 1657 1134 1730 id
1156 1655 1264 1730 suaserit

248 1753 445 1832 neccllitas.
497 1753 647 1848 Optime
667 1772 787 1830 autem
809 1757 876 1832 sua
902 1755 1135 1832 conscientia
1161 1755 1272 1830 liberis

250 1874 321 1948 que
342 1853 485 1926 tenellis
512 1851 704 1927 consulunt
724 1868 878 1946 matres,
903 1855 928 1928 sr
954 1854 1107 1930 sacratas
1129 1853 1219 1927 fetui
1238 1851 1272 1930 ab

250 1948 324 2047 ipsa
356 1962 484 2024 natura
510 1973 679 2024 mammas
697 1951 798 2026 'huic
830 1975 907 2027 non
938 1952 1160 2026 subtrahunt.
1200 1949 1266 2024 Fel-

249 2070 330 2124 cem
343 2048 576 2140 predicamus
594 2047 727 2122 merito
740 2062 911 2141 matrem,
936 2072 1013 2144 quae
1030 2047 1131 2143 quod
1146 2067 1272 2144 equum„

248 2145 349 2244 quod
374 2146 565 2220 honestum
589 2145 662 2238 est,
689 2145 804 2221 santle
830 2147 971 2237 servat3
1001 2147 1126 2221 felicia
1154 2165 1265 2242 augun-

248 2268 329 2322 mur
356 2243 509 2336 infanti,
542 2244 601 2317 cui
629 2242 696 2317 suae
722 2245 903 2340 parentis,
935 2246 1124 2338 &corpus
1149 2245 1265 2317 &mer-

249 2357 325 2419 tem
352 2340 466 2435 sanae,
497 2342 609 2415 ubera
634 2339 756 2438 sugere
784 2343 986 2440 contingit:
1018 2364 1103 2416 nam
1133 2343 1194 2416 nifi
1218 2339 1265 2413 lau

249 2443 314 2537 ipfi
342 2441 449 2514 valde
474 2439 599 2533 iniqua
627 2439 783 2532 fuerint,
818 2441 979 2515 habitum
1007 2441 1119 2514 animi
1148 2433 1264 2514 materni

248 2535 482 2638 generosum,
513 2559 672 2610 amorem
700 2538 846 2612 virtutis
873 2540 1073 2629 sincerum,
1100 2533 1261 2632 corpusie

248 2659 357 2726 num,
381 2635 549 2729 nullaque
568 2637 757 2730 peregrina
779 2637 860 2710 labe
885 2636 1076 2729 iniectum,
1107 2639 1260 2722 laruae

247 2733 474 2810 nutrimento
499 2733 712 2828 reportabit.
1009 2740 1010 2744 ’

349 2851 543 2925 Lemmatis
570 2852 667 2926 enim
693 2851 801 2926 iristar
825 2851 884 2926 hic
911 2851 1108 2927 adsumtum
1132 2851 1263 2934 velimus,

249 2949 452 3028 nutricibus
471 2962 513 3022 ut
533 2949 725 3043 plurimum
746 2949 1015 3024 adscribendum
1040 2951 1111 3024 erse
1135 2945 1272 3028 cauffulr

249 3071 314 3123 cur
337 3047 480 3122 nobiles
498 3047 740 3143 degenerent,
766 3047 949 3122 acutiffimi
969 3048 1181 3140 hebescunt,
1207 3061 1272 3130 ren-J

250 3159 569 3242 peramentumque
591 3148 757 3238 corporis
777 3146 954 3239 optimum
969 3147 1090 3239 plures
1111 3145 1266 3220 amittantt

249 3267 320 3320 nec
346 3242 542 3340 nonquod
560 3243 706 3336 plurimi
736 3243 913 3336 infantes,
941 3243 1025 3318 dum
1053 3244 1204 3340 primum
1221 3229 1267 3310 eu

229 3342 491 3442 inceperunt,
524 3339 592 3414 elie
615 3341 792 3418 defierint

1271 3341 1272 3400 r

1271 3553 1272 3576 r

1271 3751 1272 3790 l

1271 3833 1272 3892 r

1271 3931 1272 3976 l

1159 4013 1266 4106 IILIII.
