2572 4756
270 297 358 392 372¹
506 280 780 382 VERNATIO
812 281 1076 362 ARBORUM.

267 484 341 549 tres
367 467 444 542 dies
470 462 634 537 interesse
663 464 820 558 debent,
844 465 935 560 saepe
957 467 1102 540 duarum
1119 465 1267 540 hebdoma·

179 598 185 610 ·
267 572 353 647 dum
374 563 569 638 intervallo
587 583 607 632 a
623 561 657 634 se
672 562 943 660 disjunguntur,
972 580 1015 637 ut
1030 565 1183 638 reticeam
1201 565 1267 636 orsi·

267 688 352 744 nem
368 657 643 742 frondescentiae
661 659 716 756 (§.
733 652 814 754 3.),
839 683 946 755 quem
962 662 1027 735 vix
1046 685 1086 734 ac
1100 684 1142 734 ne
1153 659 1264 754 ailqui-

266 764 349 840 dem
372 756 683 852 transgrediuntur
708 759 877 848 arbores,
901 759 1095 856 privilegio
1121 759 1208 854 ipsius
1224 779 1262 830 na·

265 875 355 939 turae
372 855 545 946 suffultae,
569 853 608 927 in
624 853 680 927 his
700 855 822 930 diariis
841 852 931 952 saepe
947 871 1106 931 anatum
1123 857 1248 931 aberam.

360 1093 544 1190 Tempus,
579 1113 652 1186 quo
680 1094 826 1166 arbores
855 1093 1004 1168 frondes
1033 1094 1110 1170 suas
1137 1092 1267 1187 explicare,

266 1194 443 1291 coeperint
463 1192 501 1263 in
517 1189 628 1262 variis
644 1191 771 1264 Patriae
788 1191 1012 1285 provinciis,
1038 1193 1198 1285 diemque,
1215 1211 1263 1280 qno

264 1293 440 1370 hordeum
451 1303 555 1362 torrae
569 1287 813 1362 commiserint
824 1285 993 1362 messores
1002 1290 1115 1363 Anno
1125 1283 1257 1374 mucel,

264 1391 414 1486 sequens
448 1385 664 1460 monstrabit
693 1385 853 1460 Schema.
903 1386 1045 1461 Desunt
1078 1387 1199 1480 quiden
1217 1383 1267 1472 ab,

263 1489 404 1564 servata
430 1483 592 1579 plurimis
626 1483 664 1556 in
691 1483 783 1557 locis
812 1505 880 1578 pro
907 1484 1026 1558 Annis
1058 1479 1261 1557 Mucella

263 1580 504 1672 MDCCLII,
530 1579 589 1653 sed
609 1579 732 1671 suere,
761 1603 837 1674 quae
862 1581 1053 1674 suaserint,
1076 1597 1118 1654 ut
1135 1579 1259 1655 noussen

262 1685 333 1758 hos
366 1681 457 1754 duos
491 1697 606 1752 annos
637 1678 720 1752 heic
749 1679 965 1752 omitterem.
1024 1678 1144 1752 Divisa
1163 1677 1261 1751 Schema

263 1779 354 1856 illud
372 1779 411 1852 in
428 1777 515 1850 duas
531 1788 673 1870 partes,
700 1777 738 1850 in
751 1798 899 1869 quarum
913 1791 1066 1872 utraque
1078 1777 1263 1872 priorumt-

263 1901 324 1952 rus
348 1877 535 1962 Romanus
557 1872 728 1966 mensem,
773 1915 793 1928 -
1266 1905 1267 1970 4

380 1993 436 2046 ex.
459 1991 511 2066 gr.
539 1969 575 2043 Il
599 1971 853 2066 Februarium,
881 1973 940 2048 IV
964 1970 1143 2066 Aprilem,

525 2067 581 2140 ΙΙΙ
604 2069 802 2160 Martium,
898 2073 938 2146 V
962 2071 1105 2162 Majum
1128 2070 1185 2142 &n
1266 2069 1267 2120 l

198 2235 202 2242 .
262 2167 417 2246 inferior
439 2165 573 2239 Suecus
593 2166 689 2239 diem
711 2167 870 2260 indicat,
896 2168 1120 2262 &preterea
1142 2167 1267 2258 suprema,

263 2289 338 2362 quo
357 2265 415 2337 die
428 2264 519 2338 folia
534 2263 615 2354 sua,
638 2287 860 2358 unaqueque
874 2267 981 2340 arbor
998 2265 1035 2336 in
1052 2264 1200 2360 margine
1214 2259 1267 2331 cina

262 2377 323 2456 ta,
351 2362 506 2457 primum
529 2359 568 2435 in
591 2361 735 2456 srngulis
759 2363 966 2438 Provinciis
991 2363 1165 2452 emiserit,
1186 2357 1267 2430 infima

263 2479 406 2551 autem,
427 2459 594 2553 tempus,
621 2481 694 2551 quo
713 2481 790 2533 non
815 2460 928 2534 solum
951 2460 1177 2549 seminarint,
1200 2451 1267 2527 selu

262 2557 490 2650 messuerint,
514 2557 550 2628 ἃ
564 2557 729 2648 tandem,
757 2570 848 2650 quot
865 2558 942 2632 dies
961 2559 1057 2632 inter
1078 2547 1267 2630 sementen&

262 2654 405 2732 messem
427 2654 467 2728 in
488 2676 702 2748 unaquaque
721 2654 919 2730 Provincia
944 2655 1182 2730 interfuerint.
1266 2669 1267 2678 ¹

358 2882 396 2958 Si
422 2905 555 2977 anurm
582 2883 761 2960 MDCCL
792 2883 969 2978 respicere
993 2885 1169 2976 velimus,
1200 2879 1267 2956 solu

260 2985 386 3062 mitius
403 2981 442 3055 in
460 2981 516 3055 his
531 2982 740 3078 regionibus
754 2981 886 3054 saevisse
905 2984 1076 3072 hiemem,
1094 2985 1195 3058 &ver
1206 2973 1267 3054 suist

259 3083 369 3157 valde
386 3079 653 3173 tempestivum,
670 3079 912 3152 recordamur.
962 3080 1071 3172 Unde
1089 3075 1267 3156 nonnuliis

261 3177 447 3276 Uplandia
470 3189 558 3249 tunc
588 3199 675 3250 arva
704 3176 764 3273 sua
786 3177 1029 3252 conseverunt
1050 3179 1190 3254 circiter
1209 3173 1267 3256 circa

261 3277 372 3352 finem
387 3275 513 3348 mensis
529 3273 730 3364 Februarii,
759 3275 820 3367 qui
837 3297 920 3347 raro
937 3276 1022 3348 alias
1034 3275 1071 3347 id
1084 3279 1180 3371 prins
1191 3274 1267 3348 sacen

262 3374 401 3464 solent,
428 3393 533 3466 quam
547 3371 666 3445 mense
680 3371 819 3464 Aprili,
865 3371 956 3445 Non
973 3395 1030 3446 me
1047 3376 1188 3465 quidem
1201 3366 1267 3460 sugit

263 3492 381 3566 agros
396 3469 616 3562 quarundam
642 3470 915 3562 provinciarum
939 3471 1141 3544 borealium
1168 3485 1267 3564 prena

262 3580 380 3640 turam
404 3565 552 3658 poscere
581 3565 796 3658 sementem,
830 3567 1022 3661 praesertim
1053 3589 1195 3661 quarum
1218 3575 1267 3648 aua

264 3663 432 3740 constant
461 3675 557 3735 terra
583 3662 792 3757 argillacea,
825 3664 931 3757 idque
958 3665 1020 3738 vel
1046 3667 1152 3756 ideo,
1176 3679 1211 3737 ut
1229 3653 1267 3751 ips

263 3785 347 3860 ager
362 3759 496 3835 minori
516 3761 642 3835 labore
657 3758 857 3856 subigatur,
882 3761 915 3833 δι
934 3763 1048 3856 prima
1059 3764 1184 3839 bordei
1199 3755 1267 3850 heris

262 3873 394 3934 terram
419 3857 561 3933 facilius
586 3873 752 3951 rumpat,
780 3874 968 3953 antequam
993 3860 1109 3935 crusta
1126 3860 1267 3955 argillacct

263 3981 344 4034 eam
365 3955 560 4032 duraverit.
611 3954 718 4032 Scani
739 3969 881 4054 autem,
905 3959 1037 4053 aliique
1055 3961 1161 4037 maris
1177 3949 1267 4122 accras}

1230 4067 1254 4118 er
