2568 4764
350 249 437 334 cm
468 251 645 334 BONO?
953 279 1022 360 237

21 441 55 504 ut
68 423 205 508 odirent
229 433 408 510 mirabilia
427 434 488 509 illa
514 437 577 512 fibi
598 437 777 530 enarrari,
804 445 883 532 quo
900 435 936 510 in
952 433 1023 510 Lu·

18 549 52 602 ur
68 527 214 604 lrllrurit
235 531 389 626 Jupiter.
449 533 561 608 Aliud
586 547 663 608 tum
687 557 765 610 non
788 535 960 608 viderunt
986 534 1023 608 hi

15 623 143 698 iuhacce
166 627 355 724 Regione,
387 651 492 724 quam
513 645 643 705 terram
667 631 842 724 viridem,
869 631 1023 718 floribu

14 720 145 816 mixtam,
169 725 409 818 arborumque
429 745 550 802 ramos
576 729 705 804 avibus
732 728 882 826 garrulis
908 729 1023 824 reple·

13 829 69 904 tou
85 821 218 914 utrinam
244 845 338 896 vero
366 821 489 916 flores,
521 845 683 920 quonam
709 847 756 900 ue
783 845 891 916 aver,
916 827 1024 920 plane

15 913 194 1010 ignorarunt
245 919 356 994 Unde
385 919 479 1015 quafi
506 921 660 996 ludibria
684 847 719 996 sc
739 923 878 1020 indigni
905 921 1024 1018 hospi·
1058 945 1064 962 ¹

17 1024 52 1084 tu
72 1011 141 1088 srmt
175 1017 332 1112 excepti.
406 1015 443 1091 Sl
472 1019 545 1112 jam
575 1019 771 1116 adplicatio
797 1019 862 1096 fiat
893 1020 1023 1094 fabule

21 1107 102 1202 hujus,
126 1113 168 1186 ed
187 1113 371 1208 prasentia
391 1115 460 1188 evi
478 1115 665 1210 homines,
693 1137 820 1215 magna
841 1116 922 1192 sane
938 1117 1023 1192 inde

21 1205 153 1284 rrirltabit
172 1209 379 1286 similitudo.
429 1213 496 1287 Per
521 1211 629 1288 hosce
650 1213 730 1288 dier
745 1215 883 1290 indicat
902 1213 1023 1288 fabula

19 1305 194 1382 tonolhas
217 1324 348 1400 crater,
373 1311 561 1404 quomodo
584 1311 770 1386 scillcetin
790 1311 946 1406 primas.
968 1325 1021 1387 tc·

14 1421 70 1474 nen
78 1407 240 1496 summme
254 1407 361 1480 nimis
377 1407 515 1482 debiles
527 1409 631 1482 sunus
648 1409 693 1482 ad
708 1410 778 1483 rite
795 1407 1021 1484 scrutandum

14 1517 90 1590 opera
114 1499 319 1595 creatoris,
342 1502 399 1578 sed
425 1505 511 1579 illud
538 1519 680 1600 tempus
698 1507 735 1581 in
752 1507 856 1600 otio,
880 1507 1022 1580 luxuria

13 1593 100 1671 dlusu
114 1613 354 1674 conteramur.
406 1604 606 1704 Quomodo
626 1603 792 1680 homines
808 1605 845 1680 in
867 1601 1021 1678 secunda

11 1689 112 1770 loidi
130 1711 235 1776 erate
255 1699 426 1794 occupati
448 1699 517 1774 srnt
540 1699 677 1774 insede
699 1697 860 1800 figenda,
894 1701 932 1776 in
956 1723 1021 1778 nu·

11 1787 115 1884 bmdo,
136 1795 175 1869 in
201 1795 326 1869 liberis
348 1797 565 1888 educandis,
590 1797 700 1894 inque
721 1799 853 1894 opibus
876 1819 1020 1892 compa·

11 1887 94 1962 randis
114 1893 155 1965 ad
180 1893 353 1968 familiam
381 1893 662 1983 sustentandam
687 1895 722 1970 dc
746 1897 890 1970 tandem
913 1896 1021 1970 tertia

11 1981 107 2062 lude
136 1993 396 2086 ingrauescente,
432 1993 576 2086 quando
608 2013 699 2088 oper
724 1993 894 2088 quasdam
921 2014 1019 2068 com-

11 2101 210 2179 paraverunt,
236 2089 422 2182 quomodo
444 2089 568 2164 litibus
582 2090 616 2165 dt
630 2089 868 2188 procellibus,
893 2089 1020 2184 polles·

12 2177 91 2286 iuer
112 2184 187 2258 suas
216 2186 471 2282 tangentibus,
500 2191 781 2262 accumulentur.
828 2187 951 2281 Atque
973 2187 1020 2262 src

15 2275 70 2350 llud
82 2279 161 2377 depe
177 2303 244 2377 per
260 2295 376 2356 totam
392 2284 504 2358 vitam
518 2285 666 2360 minime
683 2285 909 2360 consrderant
923 2305 1018 2357 mor-

17 2373 87 2479 tales,
107 2377 150 2452 ad
172 2379 273 2474 quod
297 2377 449 2456 Creator
471 2381 740 2476 sapientiffimffl
761 2383 844 2456 illos
867 2381 1019 2455 destina·

18 2473 112 2564 ut&
136 2499 248 2572 quare
271 2477 310 2552 in
332 2477 504 2554 mundum
525 2477 720 2554 introdudli
747 2479 825 2554 lint.

417 2659 452 2751 §.
503 2657 572 2734 IV.

76 2765 112 2842 In
140 2791 338 2868 corporum
370 2773 585 2848 naturalium
620 2767 856 2866 scrutamine,
886 2771 1018 2870 numu

11 2857 70 2935 ideo
87 2888 158 2944 non
182 2869 377 2944 admiratur
404 2871 559 2946 maxima
589 2871 777 2965 animalia,
811 2867 1018 2947 arbores&

11 2956 123 3056 danus,
143 2967 331 3042 mineralia
346 2965 381 3040 dt
398 2969 562 3057 metrum
588 2963 646 3042 sed
662 2987 767 3062 quam
784 2969 937 3064 primurn
954 2987 1016 3042 eo·

11 3056 111 3162 poscit
127 3063 282 3163 aliquem
305 3064 452 3140 minima
472 3085 630 3161 corpora
651 3063 952 3160 perscrutantur,
974 3075 1017 3138 ut

11 3151 150 3233 uisu&
168 3161 384 3256 conchylia,
408 3163 568 3259 gramina
585 3162 797 3255 demultus,
822 3159 1017 3256 particular

11 3257 106 3328 tuear
120 3257 391 3353 nuperrimam,
421 3261 511 3334 illud
530 3261 624 3354 quafi
650 3260 814 3336 inutilem
834 3255 1016 3332 curiosita-

11 3357 56 3422 leu
76 3353 274 3450 respiciunt
324 3355 374 3430 Et
398 3357 541 3452 quando
568 3357 697 3432 vident
718 3357 895 3450 quendam
915 3353 1018 3449 cupi·

11 3439 64 3520 lum
83 3473 194 3528 rerum
219 3455 435 3530 naturalium
469 3469 670 3530 exterarum
695 3455 908 3550 regionum,
938 3473 1017 3546 qum
1150 3483 1163 3498 ·

11 3545 74 3630 pud
89 3569 152 3624 nor
174 3573 252 3628 non
277 3552 537 3645 inveniuntur,
572 3553 716 3626 illorum
742 3549 932 3626 admiratio
957 3571 1017 3646 ge·

11 3637 147 3750 linatur,
176 3647 270 3724 &se
297 3649 477 3744 duplicem
507 3649 615 3724 nobis
647 3669 837 3743 opponere
862 3647 1020 3758 gladium

11 3751 185 3836 limarum
210 3767 292 3822 cum
307 3745 445 3820 scilicet
456 3769 531 3822 non
548 3759 688 3822 tantum
701 3743 886 3840 presentia
902 3745 1018 3838 inqua·

11 3847 93 3908 ramus
108 3840 257 3938 objerdta,
271 3865 349 3939 que
363 3843 471 3918 nobis
483 3845 603 3920 minus
613 3843 695 3918 sunt
709 3843 827 3934 utilia,
842 3839 1018 3918 sedetiam

11 3923 151 4034 utrm,
179 3963 258 4037 qun
271 3939 404 4036 alsequi
423 3941 490 4022 vix
509 3943 683 4024 velemur.
736 3937 897 4038 Credrmt
918 3955 1024 4012 nam·-

943 4051 1012 4128 que
