2568 4764
235 245 441 328 NUTRIX
470 241 736 326 NOVERCA.
946 233 1018 336 sd!

25 430 123 508 mlln
137 431 272 512 Presrdi
291 455 312 507 e
328 455 369 508 re
384 431 466 506 sore
479 427 593 504 viliam
614 427 707 522 fult,
729 433 773 502 ut
788 426 912 502 nutrix
930 429 1020 522 quo}

25 531 79 604 tidie
94 529 248 605 semissem
272 533 394 622 horre,
422 544 506 610 ante
526 525 737 623 prandium,
763 539 866 600 motu
885 523 1022 600 muscu'-

20 631 77 720 lari,
95 631 146 702 vel
170 629 306 702 idoneo
335 627 537 716 exercitio,
567 624 731 700 sudorem
756 638 960 720 provocet,
989 627 1024 702 &

18 751 48 800 er
63 727 115 800 hac
138 725 277 822 quidem
309 725 473 822 therapia
500 726 610 820 longe
639 721 815 809 certiores
840 721 1022 803 observati

19 823 223 916 luntlrustus,
247 843 354 920 quam
373 843 419 896 ex
437 821 586 918 optimis
602 817 875 899 medicamentis
893 819 1022 896 insant'l

33 919 184 996 minatis.
963 917 970 926 ’

19 943 33 1016 p
62 945 251 1110 pTandem,
276 1017 331 1092 uti
349 1015 526 1110 diximus,
548 1013 701 1090 vivendi
724 1017 868 1092 mtlone
882 1011 1024 1114 plctho'·

26 1115 99 1208 ritu,
135 1113 461 1190 &libidinosiores
489 1113 696 1188 admodum·
713 1113 823 1196 fabius
851 1116 1026 1210 nutrices,

25 1213 129 1305 plrima
137 1213 227 1290 vitia
241 1211 440 1288 infantibus
456 1209 641 1304 instillare,
666 1209 856 1326 probabile
873 1213 1026 1288 omnino

22 1309 154 1387 el1nam
174 1312 358 1387 condocet
385 1333 455 1384 nos
479 1309 726 1407 experientia,
752 1325 942 1408 parentum
967 1311 1026 1385 ad·

19 1407 94 1483 lellus
114 1411 145 1484 u
167 1409 424 1485 inclinationes
450 1409 488 1482 in
512 1409 647 1482 liberos
670 1407 881 1500 transserri3
917 1429 1027 1506 quan-

20 1519 125 1600 umque
148 1511 201 1582 lac
222 1529 266 1582 ex
293 1505 456 1582 mammis
481 1505 643 1580 haustum
667 1508 738 1582 hue
759 1505 947 1603 conserat,
974 1521 1027 1581 tes

20 1599 116 1680 lautu
135 1602 407 1680 observationes
432 1599 535 1700 paene
554 1601 800 1696 innumme'rae,
825 1605 920 1680 arei
945 1601 1027 1681 diae'-

20 1699 102 1774 tedcae
134 1699 366 1798 scriptoribus
408 1701 592 1794 addudac,
638 1723 717 1798 quae
756 1701 900 1797 quidem
940 1703 1029 1778 totd

20 1815 123 1889 quarta
147 1799 385 1894 confirmant,
411 1800 592 1874 nutricem
624 1799 815 1894 lascivam,
846 1800 947 1876 furto
971 1802 1031 1876 de·

19 1893 118 1992 dun,
154 1895 387 1998 iracundam,
418 1893 729 1972 'melancholieam
766 1912 829 1974 aut
865 1899 1030 1994 hilarem,

19 1991 95 2067 inno
112 2009 254 2070 torvam
273 1993 308 2068 tc
329 2009 490 2090 trucem,
524 1991 575 2070 sui
598 1995 726 2070 slmiles
750 1993 900 2072 reddere
921 1999 1031 2077 alum:

18 2109 72 2164 nos.
112 2093 244 2168 Narrat
267 2091 482 2188 Deodatus,
507 2093 665 2188 puellam
692 2093 868 2187 quandam
897 2095 1033 2192 septem

20 2204 98 2264 annos
128 2205 268 2284 natam,
308 2189 392 2284 quia
418 2213 438 2264 a
461 2191 606 2266 nutrice
637 2193 791 2286 crapulae
817 2191 938 2266 dedita
967 2193 1032 2268 nd'·

22 2285 76 2358 tiu
91 2281 183 2384 erat',
213 2287 419 2384 liquoribus
445 2287 724 2363 ¹inelrriantibus.
740 2285 890 2396 nimium
917 2289 1033 2366 indul»

26 2379 76 2455 lle.
114 2385 325 2460 Diaetetiees
344 2383 538 2482 scriptores
556 2383 740 2477 referunt,
766 2383 913 2463 Cesaris
929 2385 1033 2462 clau?-

28 2475 186 2560 dlisiberii
212 2481 378 2558 Neronis
403 2483 581 2558 nutricem
606 2483 772 2565 bibacem
787 2478 912 2578 fuisse,
937 2483 1035 2560 unde

26 2571 168 2656 insanabili
200 2577 350 2656 bibendi
376 2581 586 2685 appetentia
605 2603 673 2678 per
695 2578 898 2658 universam
919 2583 1034 2662 vitam

21 2669 160 2752 laboravit
182 2679 279 2776 ipse,
309 2679 401 2752 adeo
425 2689 468 2752 ut
484 2677 700 2776 frequenter
723 2701 744 2780 a
767 2675 944 2758 Romanis
965 2681 1034 2780 pei

20 2789 202 2852 tenentum
237 2775 384 2869 calidus
417 2774 584 2854 Biberius
616 2779 727 2852 Mero
748 2773 876 2853 ‘dous
909 2777 1033 2855 fueriti

17 2861 50 2939 Et
64 2871 152 2970 hujus
170 2894 317 2972 quoque
348 2871 579 2953 antecessbris
603 2875 684 2972 Caji
700 2873 777 2950 Cali
828 2879 870 2950 1ae
896 2873 1035 2972 nutriri

19 2983 68 3054 lto
85 2987 218 3063 promte
244 2973 347 3066 pusio
371 2988 543 3050 mammas
563 2975 758 3068 arriperet,
817 2975 951 3070 nguine
975 2994 1035 3048 eas

17 3059 122 3141 illinere
152 3071 364 3162 consuevit,
398 3093 471 3166 quo
498 3081 570 3146 tam
598 3073 762 3149 immanis
786 3071 826 3145 ‘dc
849 3073 956 3146 ferox
977 3071 1035 3145 'sal

17 3155 68 3234 dus
87 3165 181 3262 suit,
201 3183 244 3244 ut
267 3167 381 3242 multa
407 3163 622 3244 non'solum
654 3167 852 3243 homicidia
876 3167 949 3262 ipsc
1000 3191 1036 3246 a·

15 3263 151 3360 traverit,
172 3265 231 3342 sed
252 3267 288 3340 dt
303 3265 498 3360 aliquando
521 3265 730 3362 optaverit,
756 3281 798 3342 ut
820 3267 890 3340 toti
913 3191 1037 3342 horia-

15 3369 48 3425 110
61 3365 167 3454 generi
192 3365 341 3438 unicum
366 3363 453 3437 esset
473 3365 629 3454 collum,
662 3385 736 3460 quo
763 3363 920 3458 maxima
949 3360 1037 3459 illud

17 3469 74 3528 tum
101 3462 287 3558 voluptate
322 3459 519 3538 diss‘ecarct.
587 3463 671 3576 Huc
708 3457 815 3536 etiam
833 3475 837 3487 ·
846 3461 1040 3634 pertinent

14 3557 143 3726 llll
157 3573 330 3732 iiiiii?
347 3561 537 3754 stills:
560 3559 1040 3736 tllllt'lllttltllit

14 3737 129 3825 heroica
152 3755 466 3849 praemunirentur.
497 3752 501 3769 '
1002 3765 1004 3772 ’
1032 3753 1039 3797 ·’

82 3845 187 3926 Porro
213 3873 319 3948 quam
342 3853 438 3926 laxas
457 3851 616 3928 habenas
642 3848 839 3928 adfectibus
854 3848 925 3928 suis
946 3849 1037 3948 sepe*

18 3945 182 4024 concedant
203 3949 364 4026 nutrices
388 3943 462 4026 iste
471 3949 708 4124 ,Rprincipiis
735 3949 819 4048 julli
847 3943 1040 4026 &honesti

544 4069 566 4140 5
914 4071 1041 4144 parurn
