2564 4762
351 229 439 308 CUI
467 227 647 306 BONO?
952 251 1044 338 att¹

13 413 50 488 nis
62 411 147 486 illem
162 409 316 486 libenter
334 409 734 486 redimerenoluerunt
753 405 868 502 duplo
886 407 1022 502 pretio,

13 527 36 582 u
50 508 141 582 nobis
157 507 319 582 narravit
332 507 389 582 D..
402 505 548 583 Proseis.
572 507 688 584 Kalm.
742 505 801 578 Et:
813 509 968 580 Vulturcs
984 506 1023 580 in

13 605 107 698 atro,
130 605 217 680 urbe
238 603 413 700 AEgypu,
447 603 631 697 premium
656 603 852 708 quotannis
876 601 910 676 ot
933 625 1022 696 quo·
1054 643 1059 654 ·

13 703 102 776 risdie
113 701 400 794 consequuntur,
426 715 469 776 ut
480 701 528 776 ibi
544 716 744 792 monceau.
760 702 849 776 ficut
861 699 1021 774 unoa.

13 799 182 892 laselquist
217 797 399 892 descripsit
435 802 475 876 in
508 798 610 872 nois
641 799 724 872 Soc.
757 799 847 894 Reg.
882 797 1019 871 Scient.

13 897 118 970 ltockh.
146 917 311 992 1751.·p.
328 902 396 992 196
412 897 485 994 stqq
532 897 599 970 Hae
624 897 708 970 sera
737 918 866 970 omnes
894 896 1023 970 orbem

13 994 249 1068 luadaveribus
271 993 466 1086 mundant,
497 1007 539 1066 ut
563 992 700 1066 saluber
725 993 910 1068 &nitidus
937 1015 1021 1066 eva-

13 1089 62 1181 lat,
91 1091 227 1184 illaeque
254 1091 548 1187 proportionem:
562 1089 721 1164 debitam
752 1091 896 1164 servant
926 1092 1022 1168 inter

13 1187 171 1279 Animalia,
198 1211 245 1262 ne
264 1209 376 1262 unum
395 1211 509 1286 genus
533 1189 654 1262 omnia
677 1187 816 1262 exedat.
1012 1269 1014 1274 ,

70 1285 168 1358 Putat
189 1287 343 1382 vulgus,
369 1286 403 1359 δι
429 1287 527 1360 forte
551 1285 671 1385 <licere
697 1288 830 1364 audent
858 1283 930 1376 illi,
959 1285 1022 1376 qui

13 1381 77 1474 ipra
91 1385 235 1478 vulgum
259 1383 440 1477 saperent:
469 1385 603 1480 Muscas
623 1389 666 1472 ἐξ
682 1385 819 1480 ulau-as
836 1389 940 1477 legat,
966 1391 1023 1458 cut

13 1484 67 1550 sius
85 1484 299 1649 nonstppelit
330 1490 497 1575 negotium.
551 1482 656 1582 Quasi
686 1479 921 1578 fignificattun
945 1481 1022 1556 vel·

14 1591 73 1666 ent,
103 1579 369 1674 inagationetn
403 1581 603 1672 plantarum
630 1580 881 1672 minimarum,
914 1577 1021 1652 mini-

13 1695 179 1768 notunque
204 1675 419 1758 infestorum
442 1677 580 1749 homini
611 1677 780 1750 rationali
805 1675 924 1750 minua
953 1675 1022 1750 elle

13 1769 207 1846 acellariam.
260 1773 321 1845 Ad
339 1795 486 1846 naseos
508 1773 550 1845 δι’
569 1775 709 1870 plantas
737 1774 897 1846 minores
920 1774 1023 1867 quod

13 1866 132 1960 adtinet,
168 1870 336 1943 concedo
362 1871 529 1964 quidem,
565 1871 813 1946 auiloritatem
847 1873 907 1945 illa
937 1871 1020 1944 reli·

13 1963 83 2054 nise
98 1967 170 2040 fere
190 1967 326 2048 intatia
346 1969 390 2040 ad
412 1967 522 2042 finem
542 1967 661 2044 Seculi
683 1967 849 2063 proxime
876 1971 1020 2064 praeter·v

14 2062 80 2154 aps,
103 2065 150 2137 all
176 2087 270 2138 vero
299 2066 375 2138 sere
401 2065 633 2160 complevisse
661 2067 870 2140 Muscoruin
898 2065 1021 2140 Histo-

13 2159 68 2232 'ian
87 2185 146 2253 per
164 2164 370 2250 Dillenium,
395 2163 489 2236 intra
507 2163 691 2237 dimidium
714 2165 830 2240 hocce
851 2163 1019 2242 seculum.

13 2257 35 2324 s.
51 2257 198 2332 lustuns
221 2268 426 2352 perpaucos
451 2261 591 2334 muscos
620 2262 683 2334 fibi
711 2273 822 2335 notos
850 2261 1020 2353 habebat,

13 2350 244 2432 Dilluizuvcro
259 2356 458 2430 sexcentos.
509 2359 581 2438 Hic
594 2359 766 2432 indefesso
786 2361 912 2434 labore
932 2355 1020 2432 diffi-

14 2447 138 2526 u'llnam
168 2454 203 2526 δι
233 2455 542 2534 numerosffitnatn
582 2457 811 2549 provinciam
848 2455 1021 2530 Historia
1153 2503 1161 2533 =.

13 2541 153 2623 Naturalis
187 2551 397 2644 expedivitt
439 2552 513 2626 sed:
552 2557 613 2626 Cui
642 2556 742 2626 lun?
778 2553 1020 2628 communiter

13 2646 147 2732 tuantur.
197 2648 244 2724 In
260 2649 475 2754 nequidem
496 2652 570 2744 jam
594 2673 670 2724 non
696 2650 846 2746 suscipio
871 2652 1019 2726 demon·

13 2737 176 2819 tutionem
196 2745 364 2819 utilitatis
384 2747 492 2821 musci
511 2747 756 2842 cujuscunque
799 2751 880 2824 lane
901 2745 1019 2825 divet-

13 2833 50 2918 lae,
75 2841 153 2915 licet
176 2843 281 2917 Deus
300 2843 346 2914 Ο.
369 2845 422 2916 Μ.
448 2845 629 2918 &natura
657 2844 750 2920 nihil
771 2773 898 2922 iiustra
922 2869 1020 2922 crea·

13 2935 83 3030 ¹terit
127 2939 297 3013 Posteros
320 2956 441 3016 tamen
459 2945 518 3016 t'ot
542 2943 758 3023 inventuros
782 2945 862 3024 sore
885 2945 1020 3018 utilita-

13 3047 91 3106 'esex
109 3035 236 3112 muscis
256 3059 431 3133 auguror,
461 3051 552 3132 quot
573 3061 617 3112 ex
637 3041 782 3133 reliquis
808 3041 1022 3137 vegetabili-

13 3146 75 3218 tus3
118 3135 227 3228 idque
258 3135 329 3208 illis
363 3135 525 3211 indueus
546 3130 773 3230 ¹ratiom'bus,
805 3138 903 3232 quod
936 3159 1021 3228 nos,

13 3227 64 3300 ›0st
83 3233 261 3328 cognitam
285 3233 356 3327 jam
384 3229 592 3308 Muscorum
619 3234 836 3328 suentium,
853 3235 854 3241 ’
869 3235 1024 3330 plurima

13 3324 74 3397 nili
102 3329 204 3404 simias
236 3329 503 3424 experimenta,
531 3330 628 3406 unde
654 3333 798 3408 illorum
827 3333 1023 3408 utilitatem

13 3422 193 3500 aerianus:
219 3449 266 3500 en
291 3441 411 3503 autem
436 3433 569 3523 pauca!

22 3611 28 3626 .
77 3525 253 3618 Splugnum
272 3523 417 3622 palustre
441 3525 638 3621 profundas
656 3525 803 3620 paludes
818 3527 1025 3622 inpletuli·

13 3631 86 3708 nne,
111 3619 292 3714 &efficit,
316 3637 360 3698 ut
382 3623 451 3697 illae
474 3623 563 3696 olim
585 3625 742 3697 evadant
760 3625 927 3700 laetillinaa
945 3651 1028 3722 pra·

13 3729 48 3798 a,
68 3735 138 3808 qua
152 3720 251 3814 prius
268 3735 371 3794 erant
386 3720 508 3818 stagna
521 3719 710 3816 profunda.
761 3721 818 3796 Ex
833 3724 905 3798 hoc
916 3725 1028 3800 etiam

13 3799 94 3897 spatia
119 3815 213 3890 inter
241 3813 391 3912 cespites
421 3819 587 3914 paludum
619 3819 838 3912 implentur,
877 3834 918 3894 ut
948 3821 1028 3896 vim
1105 3821 1125 3874 ·'

13 3903 65 3994 ejus
83 3911 257 3992 medicata
270 3915 520 4012 Repellcntem
544 3917 728 3996 reticeam.
778 3917 890 3998 Nunc
918 3915 1030 3996 atiani

47 4006 125 4085 sent
139 4011 207 4087 ΙΙΙ.
585 4016 622 4118 Q
934 4013 1030 4092 tutsa
1106 4118 1108 4126 y
