2572 4756
162 209 428 296 macula
455 210 809 295 INSECTORUM.
939 241 1009 330 3³³

10 395 57 476 scd
75 393 154 492 iuer
174 393 314 472 dorsum
343 415 470 470 comm
495 417 648 494 parvum
670 395 860 472 demittere
887 395 1013 492 cupiat

11 515 110 585 ovun,
138 493 230 590 quod
254 491 350 570 intra
375 509 496 574 cutem
519 515 646 570 eurtum
672 517 739 592 per
764 493 933 589 hyemem
953 493 1009 572 fo·

11 607 110 666 vuar.

259 693 276 734 1

75 781 189 862 Accaus
213 787 288 862 Sira
313 785 398 887 (Fa.
419 777 653 888 Suec.119s.)
682 801 754 862 tam
771 785 943 884 exiguus,
967 799 1012 866 ut

11 879 84 956 rudis
104 883 209 960 oculis
232 884 299 958 vix
318 877 457 984 percipi
483 901 613 982 queat,
647 885 708 980 qui
735 885 886 960 farinam
912 885 1009 962 effoe·

12 993 63 1050 un
82 979 171 1071 lacit,
207 981 304 1056 idem
325 981 376 1058 est
399 1007 482 1060 cum
509 983 621 1060 Acaro
646 989 778 1058 lunam
799 983 1007 1078 ,subcutanea

15 1071 274 1172 (lulu1194)
336 1077 482 1158 Scabies
515 1101 672 1176 corpora
701 1079 889 1154 hominum
919 1077 1011 1156 saee

14 1169 125 1264 invadit,
150 1178 251 1270 cujus
278 1177 394 1252 caussa
420 1181 565 1254 occulta
592 1177 685 1270 suit,
717 1173 921 1252 &infinita
973 1199 1011 1254 e·

13 1267 289 1368 cumsanguinem
304 1277 498 1446 pungentia
514 1273 666 1350 scabiem
685 1271 775 1370 sepe
788 1275 852 1348 vix
869 1273 1010 1351 auferre

11 1367 102 1438 calent
158 1369 269 1444 Multi
318 1375 421 1448 cabie
453 1373 546 1450 exeii
577 1371 765 1448 diutiffime
791 1371 1010 1468 alliciuntur,

11 1461 86 1534 muro
103 1465 311 1544 moriuntur.
361 1469 453 1547 Non
480 1471 630 1562 dubito,
656 1491 795 1564 paucos
817 1469 1011 1548 admodum

10 1555 78 1650 lore,
102 1563 155 1656 qui
187 1563 318 1642 insecta
349 1567 441 1644 hanc
471 1569 624 1644 scabiem
655 1565 810 1642 caussare
839 1565 1011 1660 credant3

10 1659 158 1734 arenatius
181 1684 276 1736 vero
306 1663 542 1760 adspicientes
564 1665 719 1740 scabiem
746 1687 778 1740 e.
800 1686 852 1762 gr.
883 1685 1011 1742 manua

10 1749 104 1860 lustras
118 1756 383 1853 inquinantem,
407 1763 597 1838 vesiculam
613 1763 732 1860 primo
747 1763 932 1858 reperient
949 1785 1012 1840 ex·
1092 1773 1098 1787 '

11 1861 205 1944 craumnon
241 1861 347 1935 rocul
356 1881 448 1936 vero
458 1861 502 1938 ab
515 1861 575 1935 illa
584 1859 621 1934 in
633 1881 721 1958 ruga
733 1859 826 1936 cutis
839 1859 1012 1956 punsturn

10 1947 140 2036 quoddnn
169 1953 190 2028 s
224 1979 337 2050 cum,
374 1957 472 2054 quod
496 1957 659 2034 nondum
690 1959 728 2032 in
755 1957 947 2034 vesiculam
975 1955 1012 2036 se

10 2045 114 2140 ttulit,
141 2045 182 2125 fit
204 2067 329 2130 tamen
357 2055 499 2130 duobus
525 2055 651 2130 diebus
678 2053 886 2152 progressisr
925 2077 1012 2134 acus

10 2143 94 2216 reuco
111 2147 183 2222 lens
208 2152 359 2228 nrinima
383 2153 574 2245 eximitur,
602 2175 680 2248 qua
707 2153 818 2250 ungui
845 2153 1013 2248 lmpofita
1262 2223 1274 2250 ,

10 2232 124 2316 &halitu
143 2247 218 2324 oris
238 2247 380 2342 afflata,
405 2249 444 2326 in
459 2273 509 2324 un
560 2249 755 2324 ecursrtat
807 2247 937 2324 Oculis
957 2271 1012 2324 ar·
1154 2293 1161 2302 ·

10 2335 76 2410 uatis
97 2341 239 2420 ulterius
271 2360 439 2442 apparet,
467 2346 636 2422 insitum
663 2347 736 2422 hoc
764 2343 849 2422 ouo
877 2345 1013 2422 babere

13 2430 97 2528 pedes,
116 2439 202 2518 setas
224 2445 396 2540 quasdam
417 2445 456 2519 in
480 2443 601 2537 dorso,
626 2443 825 2520 &Aconum
847 2439 915 2517 else
938 2445 1013 2538 jam

11 2525 117 2638 §laum
164 2538 259 2616 Cum
285 2541 397 2636 aliqui
418 2541 550 2616 horum
570 2543 608 2616 in
629 2563 763 2638 corpus
786 2541 831 2616 iis
853 2539 1014 2636 sapidum

11 2627 148 2732 uudunt,
184 2637 295 2714 nimis
333 2639 621 2736 multiplicantur
654 2651 845 2733 totumque
877 2659 1013 2734 corpus

12 2729 201 2828 circumdant,
224 2735 320 2831 quali
344 2759 365 2813 a
385 2737 505 2834 capite
533 2737 577 2812 ad
600 2739 736 2814 calcem
759 2737 859 2832 lepra
887 2733 1013 2812 infice-

12 2829 89 2912 ΜΨ
108 2849 185 2905 nam
204 2834 300 2908 intra
316 2835 531 2928 cuticulam,
560 2835 655 2932 quali
678 2833 836 2930 pediculi
856 2833 894 2908 in
914 2833 1013 2929 capi·

12 2911 70 3028 llll
90 2921 286 3024 infantum,
314 2931 550 3010 succrescunt.
601 2933 644 3008 ln
663 2931 863 3008 infantibus
883 2951 1013 3006 recens

12 3023 68 3086 uus
93 3025 334 3119 experimenta
364 3029 458 3104 bene
494 3027 685 3106 observata
712 3029 815 3120 sunt,
857 3027 919 3120 qui
951 3025 1015 3102 sub

13 3121 111 3212 uento,
134 3125 344 3200 axillisdtin
357 3125 565 3224 inguinibus
582 3128 674 3202 flore
688 3123 795 3202 Zinci
809 3127 872 3200 vel
881 3123 1014 3198 Nihilo

13 3203 77 3302 “bib
103 3217 144 3292 ad
165 3221 397 3298 humiditates
429 3225 654 3300 exsiccandos
681 3223 715 3298 dc
743 3221 1015 3298 excoriationes

13 3315 234 3420 movendas,
259 3321 447 3419 conspergi
475 3317 603 3396 so'lent.
653 3321 691 3396 si
715 3333 831 3397 mater
860 3333 922 3392 aut
947 3341 1014 3394 nu·

14 3409 223 3514 trxnrnsantem
242 3417 359 3494 sanna
377 3419 531 3512 cereali,
557 3419 596 3495 in
613 3441 685 3512 qua
704 3418 816 3493 Acari
836 3415 1015 3512 saepiffime

14 3497 148 3603 ubrtant,
173 3515 394 3613 adsperserit,
417 3517 535 3592 infans
556 3518 594 3592 in
614 3537 657 3590 ea
676 3529 778 3612 parte
790 3513 958 3610 primum,
983 3515 1019 3590 dc
1063 3537 1076 3572 ν

14 3603 61 3700 ἒῑῡ
74 3608 210 3711 undem
228 3635 400 3708 corpore,
421 3613 537 3690 scabie
559 3615 751 3690 laborabit
798 3611 835 3684 Si
854 3611 1015 3687 scabioso

15 3683 102 3801 ‚illul
121 3705 248 3786 Acaris
275 3709 372 3786 hisce
396 3714 619 3788 contrarium
647 3712 777 3786 illitum
803 3709 934 3802 merit,
962 3731 1018 3784 re·
1166 3763 1171 3780 ,

15 3799 105 3878 Qum
123 3801 218 3884 suum
236 3809 275 3885 in
296 3805 409 3904 ipsum
428 3831 561 3904 corpus
583 3807 746 3901 sumunt,
772 3807 835 3884 ubi
856 3805 1018 3882 essentia·

15 3869 224 3988 iuquam
240 3919 381 4006 partem
398 3907 528 3986 dolore
546 3919 734 4004 torquent,
751 3905 814 3982 vel
829 3903 864 3980 dt
879 3903 1018 4076 {ecbgeerff
