2680 4770
233 284 255 337 2
374 255 532 384 noun
559 254 889 335 perrenorum
920 258 1150 376 onnrnn.»

230 455 304 515 rure
333 446 438 534 ireque
473 435 624 512 Berenice
653 462 770 534 genero
795 447 940 536 priorum
960 443 1043 538 sunt
1062 444 1280 540 pernoscenda,

229 541 273 626 ἃ
300 561 358 633 quo
379 541 480 633 piure
508 536 654 628 disiiniio
685 562 802 631 genero
825 539 891 632 fiii
922 542 1012 614 hehet
1036 541 1216 636 perspeire,
1247 571 1279 618 eo

227 638 361 731 mojores
396 635 562 730 censendus
591 635 635 728 cst
653 631 764 732 fecrffe
785 633 980 733 pregreffue.
1034 637 1117 740 Quae
1141 665 1209 711 eum
1235 650 1279 715 ire

219 734 308 830 fini,
333 737 412 805 miii
428 732 555 828 semper
583 753 699 825 genero
724 741 867 828 primum
891 736 1092 830 perdiscendi
1116 735 1186 827 fuir
1213 747 1277 812 eni·

226 857 319 918 moes,
346 844 537 926 quopropter
569 837 663 902 etiem
684 830 789 922 sedule
813 833 1012 927 perquistei,
1040 855 1180 926 qoecenom
1199 859 1279 909 noun

226 932 270 1018 i?
294 934 475 1026 nuperrime
502 951 522 999 a
548 927 742 1023 Deire'ffimic
773 931 939 1007 Berenicis
973 933 1091 1004 dereiio
1110 930 1205 1022 fuere
1226 959 1278 1027 ge·

223 1053 311 1102 uero.
367 1029 505 1120 Cumque
538 1025 588 1099 D.
617 1024 713 1118 Prof.
739 1027 904 1100 KALM
924 1043 1024 1122 nuper
1051 1053 1066 1101 e
1097 1032 1221 1103 Concedo
1245 1039 1278 1105 in

225 1128 378 1200 Poerinm
417 1127 543 1208 redere,
580 1127 725 1218 plurime
758 1127 911 1198 detexerit
945 1151 1029 1198 nexo
1055 1149 1198 1220 genere,
1236 1131 1279 1215 Θ

223 1225 339 1298 Nerei.
358 1223 409 1295 D.
434 1221 643 1295 PRAESBS
669 1228 703 1294 in
719 1222 795 1318 suis
815 1223 975 1318 seriptis,
1001 1227 1137 1317 ariique,
1165 1249 1277 1318 gerrem

221 1345 307 1410 novo
330 1325 561 1414 moerorem,
586 1323 723 1392 nondum
753 1326 789 1392 in
809 1321 984 1416 systemate
1001 1323 1157 1394 Berenice
1180 1330 1278 1397 iereo-

221 1422 316 1493 duiio
346 1433 402 1491 eur
427 1420 658 1491 choroiieriius
680 1419 755 1512 suis
788 1421 991 1492 nuurorrrus
1019 1421 1197 1514 descripte,
1222 1447 1276 1493 no-

220 1519 444 1601 minoeere'nr,
469 1539 537 1586 rem
562 1516 646 1588 Orii
669 1515 821 1588 Berenice
843 1540 904 1588 nou
928 1523 1087 1609 ingentem
1107 1541 1154 1590 me
1169 1517 1276 1609 fuiru-

220 1639 295 1686 rccm
321 1619 463 1708 petroni,
485 1611 537 1704 fi,
570 1616 757 1685 commedere
790 1617 900 1686 nudius
936 1615 1119 1708 occostonem
1130 1669 1143 1703 ,
1175 1621 1276 1690 eudem

221 1717 288 1786 ieie
317 1711 533 1806 proposuero,
571 1713 652 1803 quod
688 1726 725 1782 ur
753 1736 786 1784 eo
816 1712 993 1802 didiniiius
1016 1710 1103 1805 fior,
1133 1720 1168 1787 in
1197 1718 1276 1789 doces

214 1823 328 1906 portes
354 1810 538 1902 opusculum
565 1811 781 1881 iooece‘meuno
809 1810 1000 1906 dispescun,
1030 1835 1165 1903 quorum
1182 1820 1276 1906 prior

221 1905 367 1978 Genera
389 1904 568 1976 Americae
593 1903 906 1998 septentrionale,
924 1908 1080 2004 posterior
1101 1932 1177 1983 vere
1204 1909 1276 1982 Ge·

219 2025 308 2080 nera
332 2001 559 2078 miscellanea
587 2006 766 2077 cenrineiie.

319 2200 361 2273 ln
385 2205 442 2274 eac
462 2203 563 2273 errem
587 2201 743 2290 edicione,
766 2198 953 2296 exclusimus
971 2224 1072 2274 omnes
1089 2197 1275 2275 Charaiie·

218 2319 277 2374 res
302 2293 495 2394 genericos
520 2320 705 2372 novorum
727 2321 899 2394 generum
922 2305 957 2372 in
984 2304 1040 2373 hoc
1065 2296 1277 2394 winemeri

211 2405 358 2494 primum
384 2399 494 2482 iores,
518 2399 572 2488 sed
593 2421 664 2470 cum
687 2422 810 2484 omnes,
838 2401 948 2471 iisdem
966 2400 1075 2470 verbis
1098 2399 1206 2471 deinde
1224 2403 1276 2470 in·

207 2497 295 2593 serni
310 2493 378 2588 fine
409 2493 563 2565 editioni
591 2507 672 2584 sctae
699 2493 883 2568 Generum
909 2496 1136 2589 plantarum,
1154 2497 1279 2594 super-·

208 2595 319 2691 fluum
340 2594 490 2677 deerimus
516 2615 565 2664 cos
592 2599 686 2666 etiem
715 2598 780 2667 ieie
804 2586 998 2690 recensere.)

484 2822 515 2906 P
537 2825 576 2907 A
595 2825 632 2906 R
653 2825 680 2907 S
745 2822 775 2909 P
795 2825 832 2906 R
851 2823 870 2907 I
890 2823 928 2906 0
949 2825 998 2907 R.

216 2981 440 3060 GENERA
466 2975 723 3058 A'MERJCAE
754 2981 1275 3060 SEPYENTMONALIS.

684 3199 719 3289 e.
769 3193 799 3269 1.

210 3289 457 3550 Detestis
477 3363 600 3459 priori¹
611 3361 755 3456 secale,
781 3363 953 3438 indefesso
973 3365 1121 3454 labore,
1146 3385 1188 3437 ec
1210 3363 1276 3439 de·

356 3462 519 3556 scriptis,
552 3483 630 3555 quoe
654 3463 693 3535 in
720 3461 871 3556 Europa
900 3462 1085 3551 creseunt,
1119 3461 1276 3554 plantis,

207 3559 397 3636 Botanicis
416 3582 562 3654 campus
588 3560 682 3652 quasr
704 3561 741 3632 in
769 3560 836 3632 hec
863 3561 1003 3634 telluris
1026 3572 1128 3652 parte
1153 3557 1277 3632 deesse

100 3719 102 3724 Α
208 3657 307 3732 visus
339 3657 413 3749 est,
442 3679 538 3752 que,
574 3658 715 3730 animes
744 3659 838 3731 bene
868 3658 1030 3732 merendi
1062 3656 1180 3728 studio
1212 3678 1277 3729 ca-

208 3758 349 3846 lentes,
378 3755 524 3830 &mira
550 3755 642 3827 Rem
673 3754 875 3830 herbariam
899 3755 1099 3828 exornandi
1130 3750 1277 3848 cupidi-

206 3867 282 3928 tate
308 3855 522 3950 flegrantes,
548 3851 617 3925 sese
637 3874 809 3926 exercere
833 3876 875 3927 ec
896 3853 1024 3926 satiare
1042 3850 1184 3946 perient
1198 3851 1279 3922 Bo·

206 3953 331 4070 tnnici.
388 3951 443 4028 Ut
466 3951 576 4050 igiter
603 3949 770 4034 ardorem
795 3948 894 4032 suum
921 3951 959 4033 in
988 3949 1132 4029 leudem
1160 3945 1279 4121 Ctgen-

282 4089 289 4106 ·
1221 4066 1281 4124 ne
