2578 4770
251 280 420 369 MORBI
450 289 517 366 EX
549 283 746 366 HYEME.
961 311 1031 388 179

35 465 274 542 amandantur
295 469 391 544 Olea
414 467 618 543 calidissima
641 465 839 556 destinata,
861 487 895 540 e.
911 489 945 564 g.
971 469 1034 546 Ol.

33 563 195 640 Terebinth.
229 565 359 662 Spicae,
381 567 546 664 Juniperi
569 565 636 640 &a
688 563 724 639 Si
750 565 898 638 morbus
924 563 1037 642 fueris

28 685 127 754 urens,
150 661 400 738 sufflaminatur
420 663 509 758 saepe
525 664 639 738 unico
645 662 854 761 suanilaas
879 662 1034 740 Fomen·

26 761 142 834 aiones
169 759 264 852 pto,
298 763 385 853 vel,
420 761 519 856 quod
551 761 702 852 melius,
737 759 954 834 illinitiones
983 761 1032 858 sp.

26 856 87 930 Salis
102 857 176 950 prio
202 859 322 952 salise,
357 881 434 934 non
462 881 545 934 raro
580 871 768 952 utramque
798 858 964 954 paginam
995 861 1035 938 in

27 953 80 1026 hoc
98 957 250 1049 pellendo
292 955 495 1034 absolvunt.
557 955 621 1044 Id,
656 957 754 1050 quod
782 955 913 1030 horum
945 979 1033 1034 con·

33 1048 178 1144 gelianum
212 1055 359 1152 genesta
387 1053 654 1154 evidentissime
689 1055 869 1148 explicat,
914 1056 1036 1152 legere

38 1147 158 1240 polanus
185 1153 223 1228 in
254 1153 392 1228 Itinere
420 1151 653 1226 W·Gothico
678 1149 831 1246 Nalilsssl.
863 1151 914 1226 D.
942 1155 1035 1228 Pra-

29 1245 199 1344 sd'sp.118.
226 1251 327 1344 quod
345 1250 449 1340 heic,
473 1250 590 1324 obrei
605 1250 794 1324 meliorem
815 1251 948 1340 lucem,
973 1275 1035 1347 ap·

30 1365 123 1434 ponere
141 1347 262 1424 volui:
295 1349 475 1444 Cnsgeslia,
504 1365 541 1422 ut
566 1351 664 1422 varia
689 1351 812 1436 dicam,
845 1347 888 1440 est
920 1351 1035 1443 sprecies

31 1443 154 1535 carnii
177 1447 222 1534 ἓ
245 1444 406 1540 efficitur,
431 1471 504 1522 cura
523 1449 627 1544 slatus
655 1451 864 1522 vehementior
883 1433 1034 1540 frigidas

31 1545 113 1613 isrsdit
141 1562 253 1641 sirpus
280 1549 467 1630 danaidum,
501 1547 594 1634 culus
625 1551 702 1640 pari
729 1549 832 1618 calare
854 1552 1036 1640 ‚apertiores

29 1635 88 1728 sat,
106 1645 177 1716 ratde
191 1641 298 1738 sudar
318 1647 506 1734 coagulatur
527 1649 688 1740 inparis,
714 1649 770 1736 qui
786 1666 878 1736 quam
897 1641 1037 1739 ririffirue

28 1741 205 1812 intuatur
216 1793 230 1828 ‚
265 1741 309 1826 ἐξ
341 1745 403 1814 tali
434 1744 522 1814 snsda
555 1737 693 1832 efficiunt
705 1793 717 1828 ,
755 1755 792 1812 ut
826 1741 1036 1838 transpiratia

32 1841 109 1906 sudu
122 1861 151 1910 ss
172 1845 206 1910 in
224 1843 289 1912 lacu
309 1831 422 1934 aeffet3
450 1861 519 1932 qua
541 1845 643 1912 nanta
661 1863 700 1911 ex
712 1837 862 1932 sequenti
881 1839 956 1935 casu
972 1855 1035 1936 pa·

33 1941 83 2000 tas:
100 1933 248 2030 AEgratns
265 1935 444 2032 consulebat
455 1960 516 2023 sue,
548 1942 604 2030 qui
623 1951 695 2010 ante
710 1937 870 2010 duodecim
885 1957 982 2012 amas
1002 1943 1037 2012 iu

25 2039 93 2116 paru
106 2037 231 2125 qsudnn
249 2056 374 2107 caruere
390 2037 612 2123 habitaverat,
637 2037 693 2108 sabi
710 2039 851 2108 castinus
871 2039 1036 2110 lateritius

25 2123 103 2214 pastus
120 2127 186 2220 suit
221 2139 257 2206 iu
280 2137 405 2228 pariete
435 2133 567 2228 quadam
595 2153 717 2220 magna.
782 2131 1035 2206 Halicarnasus

29 2223 88 2311 laiss
105 2235 194 2316 atrii,
222 2231 359 2324 quotidie
378 2232 419 2301 ad
434 2225 550 2322 frigus
570 2231 808 2324 depellendum,
834 2225 948 2324 necesse
961 2227 1036 2324 ficit

32 2327 134 2397 aaran
149 2331 328 2400 lateritium
347 2323 536 2420 calefacere,
566 2331 647 2400 uude
665 2331 718 2400 lac
737 2331 905 2414 conclave,
932 2331 1036 2402 calare

33 2415 152 2498 lusia
181 2429 302 2512 nimia,
332 2429 380 2497 ita
404 2439 442 2497 ut
465 2429 520 2498 ln'c'
534 2421 708 2518 senslram
727 2423 892 2520 sapifflaue
914 2425 1035 2520 surda·

27 2525 104 2602 itura
122 2525 232 2596 labere
257 2537 444 2616 cogeretur,
474 2526 622 2618 quamvis
649 2527 768 2614 hyemis
795 2529 848 2595 uis
877 2523 1034 2612 disraretr

28 2621 114 2698 llicit
131 2617 280 2716 frigidus
304 2627 338 2694 in
363 2623 501 2694 calidum
526 2621 594 2714 ejus
621 2637 736 2714 carpus
756 2621 801 2708 &l
820 2623 940 2694 nudans
964 2623 1034 2716 ejus

25 2709 100 2783 salian
122 2721 260 2805 iruidit,
298 2719 388 2792 unde
412 2721 574 2792 asinaeus
608 2717 760 2810 congestio
785 2725 959 2814 prouenit,
997 2735 1036 2796 ut

22 2803 142 2886 inuias
164 2829 263 2912 caput
289 2839 360 2888 curu
381 2830 477 2911 parte
501 2818 561 2889 illa
589 2819 663 2888 calli
674 2869 684 2902 ,
717 2839 786 2910 qua
803 2815 952 2910 fenestra
981 2821 1035 2894 ab·
1179 2817 1183 2828 '
1257 2789 1266 2808 ·

21 2905 84 2998 rasa
109 2907 243 3012 sassa,
284 2913 532 3010 tnruncscerecs
561 2917 609 2986 tta
642 2927 848 3006 stagnans
881 2921 917 2989 in
942 2921 1036 2990 tracta

19 3019 55 3070 uc
74 3009 221 3084 laadan
248 3035 304 3085 nea
327 3011 449 3106 fiscum
477 3015 634 3102 deglutire
665 3015 798 3086 astera.
864 3012 924 3086 Ad
952 3019 1036 3088 issac

18 3101 122 3176 aarum
148 3111 381 3206 depellendam,
435 3113 619 3205 erplnrirnls
652 3111 696 3196 ὅ
720 3107 856 3204 diuersis
885 3111 962 3204 usus
990 3109 1035 3204 esi

18 3199 227 3296 udicarnnsts's,
244 3207 349 3302 fibla
417 3209 514 3281 adicis
530 3207 753 3304 prescriptis,
771 3207 833 3304 sed
847 3211 963 3304 aisque
978 3233 1035 3281 er-

18 3291 114 3383 istius
134 3320 248 3378 euentu
268 3307 365 3392 bana,
389 3307 482 3378 donec
504 3305 678 3401 persuasus
700 3328 784 3378 aare
800 3321 927 3400 partera
949 3329 1035 3378 naar·
1130 3353 1131 3356 =

18 3389 281 3474 lacusaninatam
304 3417 389 3476 areta
413 3399 582 3493 caicsaiia,
616 3408 670 3476 cni
697 3403 782 3496 Sapo
807 3417 940 3476 vennsss
965 3417 1036 3478 erat

18 3489 166 3586 uanas,
202 3505 349 3586 lavaret,
385 3503 601 3600 quaflrnsrlnst
625 3497 698 3591 sere
716 3501 851 3598 sedatur
880 3501 946 3596 esl,
979 3527 1036 3578 ex·

18 3603 99 3679 fils,
132 3599 212 3690 qasad
242 3602 347 3672 uvula
378 3595 597 3694 intumesceret
630 3623 702 3672 cum
733 3601 871 3696 quadam
905 3609 1035 3696 argina,
1088 3681 1093 3690 ,

18 3703 189 3774 statatum
205 3697 290 3794 ipsas
308 3711 518 3791 occupauerat
532 3693 668 3788 fauces,
692 3699 737 3784 θ’
759 3703 942 3772 aatnrlrrnn
968 3703 1036 3780 ari·

18 3781 69 3854 litt
88 3793 245 3866 irduceiat
255 3848 266 3882 ,
302 3818 358 3867 nec
388 3817 449 3866 nau
472 3809 660 3890 perpetuam
686 3795 857 3890 sisfisrrunt
892 3803 1036 3882 ararium,

20 3885 76 3968 sul
98 3912 176 3962 turre
199 3899 259 3966 tua
287 3915 387 3992 usque
413 3907 566 3990 agrotum
595 3897 807 3990 inquietavit,
830 3893 903 3992 sans
931 3907 1038 3968 cassen

20 3975 107 4072 lasau
130 3993 268 4067 naam.
391 4033 394 4044 .
494 4084 542 4167 Μ
602 4031 608 4040 ·

137 4117 164 4130 ··
565 4107 586 4162 2
