2572 4756
246 261 392 342 NOXA
424 259 777 340 INSECTORUM.
969 287 1039 364 ³39

51 463 130 534 vero,
148 441 310 538 ejusmodi
333 445 500 520 homines
517 465 595 518 rem
608 463 708 538 equa
723 451 767 516 ut
785 437 918 516 dicitur
934 441 1040 520 lanae

47 540 182 634 pendere,
212 543 287 636 quis
317 541 563 638 opinaretur?
623 539 816 638 Fingamus
850 539 1039 618 dominum

44 637 132 729 predii
150 640 288 713 modice
318 639 576 734 amplitudinis.
628 638 710 712 Sint
732 637 816 710 huic
840 635 936 710 forte
961 641 1039 715 illa·

43 731 90 824 pla
111 735 192 808 mille
222 735 347 812 belluae
375 735 591 830 valliffimae,
624 748 666 809 ut
693 735 773 810 sunt
801 731 1039 830 Elephantes,

45 830 161 923 (meli,
182 833 467 924 Rhinocerotes,
498 835 598 926 alia,
633 855 710 926 qua
734 829 821 904 illud
840 835 1038 924 quotannis

46 925 188 1004 linerent:
208 929 298 1006 Eton
313 933 387 1028 jam
402 931 610 1024 dominum,
634 929 723 1004 fiad
742 951 895 1002 voraces
919 930 1040 1026 hospi·

48 1035 85 1096 trs
103 1026 231 1102 animum
249 1049 334 1119 aon
364 1028 595 1120 adtenderet,
625 1027 729 1102 &ne
758 1025 900 1120 quidem
927 1027 1040 1124 adspi-

49 1119 144 1194 ciendis
155 1123 315 1220 duceret,
339 1127 455 1202 multo
472 1126 591 1200 minus
610 1125 725 1198 illatas
741 1123 846 1196 abiis
862 1145 977 1198 noxas
994 1125 1041 1200 ad

44 1216 118 1306 illim
132 1237 313 1298 nvoeeret
339 1225 522 1314 calesues,
547 1235 612 1296 aut
637 1235 804 1296 avertere
830 1235 1041 1317 conaretur,

44 1333 125 1389 ennon
139 1317 607 1394 vecordemnstulriffimum
621 1341 749 1392 ornnes
772 1316 921 1392 sanioris
938 1342 1040 1394 men·

41 1408 159 1488 irradia
186 1417 413 1510 jndicarentl
458 1415 513 1490 At
534 1417 573 1490 in
597 1415 635 1488 U
663 1414 796 1490 ialienli
824 1437 911 1512 agro
938 1417 1040 1492 mille

41 1507 142 1584 circiter
157 1535 379 1590 numeramus
397 1511 610 1588 inleilorum
628 1439 787 1608 iacies,
814 1536 892 1606 qua
916 1537 1039 1590 annuo

40 1603 159 1682 tinen
174 1611 402 1702 nutriunnrr3
427 1611 525 1700 haec,
549 1611 715 1704 quamvis
732 1617 804 1685 t'anr
828 1613 956 1708 exigua
972 1613 1041 1688 smt

37 1721 108 1789 quan
126 1705 195 1782 sunt
217 1709 382 1808 ingentes
407 1708 602 1784 nominata
626 1707 771 1799 bestie,
802 1709 898 1784 haud
918 1725 1040 1788 tamen

40 1795 256 1880 diadendum
279 1809 400 1882 minus
425 1805 571 1896 valent,
601 1829 705 1898 quam
728 1807 895 1880 valerent
927 1809 1039 1882 maxi·

37 1911 90 1968 na:
113 1903 283 2004 Quantum
302 1905 399 1978 enim
416 1903 534 1977 forma
553 1903 588 1975 dr
604 1903 851 2000 magnitudine
874 1903 954 1978 lunt
974 1906 1040 1978 mi·

34 2009 278 2088 retentantem
302 2021 456 2076 numero
478 2001 740 2096 pollentiores,
766 2001 858 2074 adeo
874 2017 936 2092 ut,
962 2001 1039 2077 sub-

31 2083 108 2166 duffu
127 2097 287 2191 curulis,
313 2121 372 2174 res
393 2097 525 2172 eodem
543 2097 703 2188 recidat,
729 2109 920 2192 totumque
942 2101 1038 2174 dam-

32 2203 103 2280 ulu,
122 2207 178 2266 aut
197 2195 432 2290 paucioribus
455 2193 599 2290 quidem
618 2215 664 2268 ex
687 2196 871 2290 partibus,
897 2195 955 2269 sed
978 2197 1040 2270 iis·

33 2279 85 2358 den
101 2292 363 2385 grandioribus,
393 2305 456 2367 aut
484 2291 671 2386 particulis
694 2315 739 2368 ex
762 2292 1036 2386 minutioribus,

35 2391 57 2447 at
72 2403 198 2462 numero
230 2405 338 2464 tanto
376 2389 562 2486 plurrlruS,
594 2389 769 2484 componi
803 2388 1036 2488 intelligatur.

34 2469 133 2558 lant
156 2487 304 2580 omnia,
335 2485 545 2582 Upsalienle
573 2485 668 2560 intra
695 2486 928 2578 territorum,
953 2490 1038 2582 jun·
1094 2553 1110 2582 ,

29 2589 152 2663 lumbrr
174 2583 363 2660 individua
391 2585 606 2679 Maestorum,
634 2587 799 2672 Culicem,
825 2589 1037 2682 aliarrnnque,

27 2689 84 2758 uas
98 2679 284 2777 placuerit,
300 2683 481 2779 ,parinum
504 2683 638 2778 infrita,
663 2703 797 2756 numne
816 2683 952 2776 quaevis
970 2683 1038 2758 ho·

25 2785 76 2841 un
96 2789 254 2872 caterva,
280 2777 528 2876 magnitudine
545 2793 748 2872 exaequaret
769 2779 1040 2874 Elephantemr

25 2857 56 2933 it
70 2867 142 2945 licet
160 2875 237 2950 haec
254 2897 370 2972 parva
385 2876 473 2968 srnt,
499 2897 542 2950 ac
565 2891 688 2951 tamen
715 2877 813 2950 suum
837 2877 1038 2974 unicuique

23 2957 166 3058 signavit
189 2988 343 3064 nattua,
368 2993 443 3068 quo
457 2973 627 3046 alimenta
645 2973 928 3066 capellanteum
955 2999 1037 3050 cor-

21 3059 91 3144 l⁰ris
108 3067 288 3165 adaquata
307 3069 575 3165 magnitudine,
600 3071 651 3146 ita
664 3083 706 3142 ut
719 3070 930 3144 tantundem
953 3071 1037 3146 sane

21 3157 192 3240 confirmant
207 3167 286 3241 haec
305 3175 456 3256 minima,
481 3179 652 3260 quaenam
671 3170 781 3240 bellue
799 3169 1034 3264 inmnnifflnre,

20 3267 51 3320 tu
66 3253 163 3336 solum
185 3264 413 3354 discrimine,
443 3263 562 3356 quod,
586 3285 695 3358 quum
723 3263 884 3358 pulveris
910 3265 1037 3359 instar,

20 3363 62 3436 lif
88 3369 197 3434 totum
232 3363 296 3436 illa
328 3361 550 3435 dilleminata
585 3361 653 3435 lint
686 3381 871 3454 eampum,
907 3385 1038 3457 parum
1173 3431 1176 3436 ,

20 3441 118 3542 iugula
138 3461 260 3534 oculis
296 3457 429 3534 nostris
460 3456 653 3533 videantur
682 3456 892 3550 corrosrlie,
925 3483 1036 3554 quum

20 3555 113 3624 loutre
145 3560 285 3651 majora
316 3579 359 3630 ea
386 3554 553 3630 animalia
591 3553 765 3649 quidquid
796 3555 1038 3652 perdiderint,

20 3637 250 3729 *dmensuram
276 3675 364 3728 mox
390 3651 561 3726 revocari
588 3651 703 3746 pellit.
754 3651 827 3726 Fur
851 3655 947 3730 enim
970 3657 1037 3728 do-

20 3739 168 3844 nasticus,
191 3753 253 3846 qui
274 3751 443 3826 debonis
460 3749 599 3823 domini
620 3749 740 3824 sensim
763 3751 947 3846 quidpiam
964 3752 1036 3828 sur-

20 3839 1038 4042 ffiiicitariitclimhritgrfierggtrnarhait’oqijtirinpnrinligrqgagireiii

552 4065 573 4117 2
930 4057 1038 4126 verat
