<?xml version="1.0" encoding="UTF-8"?>
<!DOCTYPE html PUBLIC "-//W3C//DTD XHTML 1.0 Transitional//EN"
    "http://www.w3.org/TR/xhtml1/DTD/xhtml1-transitional.dtd">
<html xmlns="http://www.w3.org/1999/xhtml" xml:lang="en" lang="en">
 <head>
  <title>
</title>
<meta http-equiv="Content-Type" content="text/html;charset=utf-8" />
  <meta name='ocr-system' content='tesseract 3.04.00' />
  <meta name='ocr-capabilities' content='ocr_page ocr_carea ocr_par ocr_line ocrx_word'/>
</head>
<body>
  <div class='ocr_page' id='page_1' title='image "./carolialinnequi09schrgoog_0323.png"; bbox 0 0 2572 4756; ppageno 0'>
   <div class='ocr_carea' id='block_1_1' title="bbox 248 242 1112 346">
    <p class='ocr_par' dir='ltr' id='par_1_1' title="bbox 248 242 1112 346">
     <span class='ocr_line' id='line_1_1' title="bbox 248 242 1112 346; baseline 0.002 -22"><span class='ocrx_word' id='word_1_1' title='bbox 248 255 333 346; x_wconf 85' lang='lat'>-31&#39;6</span> <span class='ocrx_word' id='word_1_2' title='bbox 455 242 725 324; x_wconf 76' lang='lat' dir='ltr'>nuancurn</span> <span class='ocrx_word' id='word_1_3' title='bbox 757 246 1112 326; x_wconf 72' lang='lat' dir='ltr'>INSECTORUnl:</span> 
     </span>
    </p>
   </div>
   <div class='ocr_carea' id='block_1_2' title="bbox 249 423 1267 2080">
    <p class='ocr_par' dir='ltr' id='par_1_2' title="bbox 249 423 1267 2080">
     <span class='ocr_line' id='line_1_2' title="bbox 258 423 1266 522; baseline -0.001 -21"><span class='ocrx_word' id='word_1_4' title='bbox 258 428 310 502; x_wconf 89' lang='lat' dir='ltr'>tia</span> <span class='ocrx_word' id='word_1_5' title='bbox 336 424 631 518; x_wconf 84' lang='lat' dir='ltr'>admirationem,</span> <span class='ocrx_word' id='word_1_6' title='bbox 657 450 762 521; x_wconf 93' lang='lat' dir='ltr'>quam</span> <span class='ocrx_word' id='word_1_7' title='bbox 782 428 908 502; x_wconf 87' lang='lat' dir='ltr'>raritas</span> <span class='ocrx_word' id='word_1_8' title='bbox 935 452 980 503; x_wconf 86' lang='lat' dir='ltr'>au</span> <span class='ocrx_word' id='word_1_9' title='bbox 1005 445 1063 522; x_wconf 90' lang='lat' dir='ltr'>et,</span> <span class='ocrx_word' id='word_1_10' title='bbox 1084 428 1212 504; x_wconf 86' lang='lat' dir='ltr'>minuit</span> <span class='ocrx_word' id='word_1_11' title='bbox 1241 423 1266 500; x_wconf 85' lang='lat' dir='ltr'>Si</span> 
     </span>
     <span class='ocr_line' id='line_1_3' title="bbox 256 523 1267 620; baseline -0.001 -21"><span class='ocrx_word' id='word_1_12' title='bbox 256 524 408 620; x_wconf 80' lang='lat' dir='ltr'>presens</span> <span class='ocrx_word' id='word_1_13' title='bbox 443 523 551 596; x_wconf 92' lang='lat' dir='ltr'>nobis</span> <span class='ocrx_word' id='word_1_14' title='bbox 576 523 703 598; x_wconf 77' lang='lat' dir='ltr'>sistitur</span> <span class='ocrx_word' id='word_1_15' title='bbox 730 527 865 599; x_wconf 82' lang='lat' dir='ltr'>Animal</span> <span class='ocrx_word' id='word_1_16' title='bbox 894 551 941 619; x_wconf 90' lang='lat' dir='ltr'>qu</span> <span class='ocrx_word' id='word_1_17' title='bbox 993 529 1050 601; x_wconf 90' lang='lat' dir='ltr'>vis</span> <span class='ocrx_word' id='word_1_18' title='bbox 1079 533 1217 602; x_wconf 72' lang='lat' dir='ltr'>exoticam</span> <span class='ocrx_word' id='word_1_19' title='bbox 1235 527 1267 598; x_wconf 85' lang='lat' dir='ltr'>ab</span> 
     </span>
     <span class='ocr_line' id='line_1_4' title="bbox 257 615 1265 718; baseline -0.001 -23"><span class='ocrx_word' id='word_1_20' title='bbox 257 637 417 695; x_wconf 85' lang='lat' dir='ltr'>extrema</span> <span class='ocrx_word' id='word_1_21' title='bbox 438 615 542 693; x_wconf 89' lang='lat' dir='ltr'>lndia</span> <span class='ocrx_word' id='word_1_22' title='bbox 561 621 768 712; x_wconf 78' lang='lat' dir='ltr'>addudlum,</span> <span class='ocrx_word' id='word_1_23' title='bbox 794 623 836 696; x_wconf 84' lang='lat' dir='ltr'>srt</span> <span class='ocrx_word' id='word_1_24' title='bbox 858 622 1014 718; x_wconf 86' lang='lat' dir='ltr'>Elephas</span> <span class='ocrx_word' id='word_1_25' title='bbox 1038 638 1100 697; x_wconf 89' lang='lat' dir='ltr'>aut</span> <span class='ocrx_word' id='word_1_26' title='bbox 1121 623 1265 697; x_wconf 85' lang='lat' dir='ltr'>Rhinoce-</span> 
     </span>
     <span class='ocr_line' id='line_1_5' title="bbox 256 717 1266 814; baseline -0.005 -20"><span class='ocrx_word' id='word_1_27' title='bbox 256 742 340 810; x_wconf 87' lang='lat' dir='ltr'>ros,</span> <span class='ocrx_word' id='word_1_28' title='bbox 368 731 428 791; x_wconf 87' lang='lat' dir='ltr'>aut</span> <span class='ocrx_word' id='word_1_29' title='bbox 448 717 617 808; x_wconf 87' lang='lat' dir='ltr'>Gazella,</span> <span class='ocrx_word' id='word_1_30' title='bbox 643 720 704 791; x_wconf 87' lang='lat' dir='ltr'>vel</span> <span class='ocrx_word' id='word_1_31' title='bbox 722 719 908 814; x_wconf 77' lang='lat' dir='ltr'>TajacoU,</span> <span class='ocrx_word' id='word_1_32' title='bbox 934 723 995 794; x_wconf 90' lang='lat' dir='ltr'>vel</span> <span class='ocrx_word' id='word_1_33' title='bbox 1024 720 1209 796; x_wconf 85' lang='lat' dir='ltr'>Annadillo</span> <span class='ocrx_word' id='word_1_34' title='bbox 1225 719 1266 790; x_wconf 81' lang='lat' dir='ltr'>vel</span> 
     </span>
     <span class='ocr_line' id='line_1_6' title="bbox 255 815 1266 910; baseline -0.003 -19"><span class='ocrx_word' id='word_1_35' title='bbox 255 817 379 891; x_wconf 89' lang='lat' dir='ltr'>Manis</span> <span class='ocrx_word' id='word_1_36' title='bbox 397 829 459 888; x_wconf 89' lang='lat' dir='ltr'>aut</span> <span class='ocrx_word' id='word_1_37' title='bbox 476 815 593 908; x_wconf 88' lang='lat' dir='ltr'>aliud,</span> <span class='ocrx_word' id='word_1_38' title='bbox 618 815 712 890; x_wconf 91' lang='lat' dir='ltr'>idem</span> <span class='ocrx_word' id='word_1_39' title='bbox 727 818 961 908; x_wconf 80' lang='lat' dir='ltr'><strong>admiramur,</strong></span> <span class='ocrx_word' id='word_1_40' title='bbox 985 819 1112 892; x_wconf 87' lang='lat' dir='ltr'>miram</span> <span class='ocrx_word' id='word_1_41' title='bbox 1126 815 1266 910; x_wconf 72' lang='lat' dir='ltr'>eiosstrs</span> 
     </span>
     <span class='ocr_line' id='line_1_7' title="bbox 256 913 1264 1006; baseline -0.007 -16"><span class='ocrx_word' id='word_1_42' title='bbox 256 917 389 990; x_wconf 76' lang='lat' dir='ltr'>slusam</span> <span class='ocrx_word' id='word_1_43' title='bbox 419 913 539 987; x_wconf 89' lang='lat' dir='ltr'>sedulo</span> <span class='ocrx_word' id='word_1_44' title='bbox 566 913 825 1006; x_wconf 84' lang='lat' dir='ltr'>perscrutamur</span> <span class='ocrx_word' id='word_1_45' title='bbox 850 913 884 986; x_wconf 79' lang='lat' dir='ltr'>u</span> <span class='ocrx_word' id='word_1_46' title='bbox 908 914 1159 1006; x_wconf 88' lang='lat' dir='ltr'>describimus,</span> <span class='ocrx_word' id='word_1_47' title='bbox 1183 915 1264 1004; x_wconf 84' lang='lat' dir='ltr'>majo</span> 
     </span>
     <span class='ocr_line' id='line_1_8' title="bbox 253 1009 1264 1106; baseline -0.008 -18"><span class='ocrx_word' id='word_1_48' title='bbox 253 1017 375 1106; x_wconf 89' lang='lat' dir='ltr'>risque</span> <span class='ocrx_word' id='word_1_49' title='bbox 393 1009 501 1105; x_wconf 85' lang='lat' dir='ltr'>pretii</span> <span class='ocrx_word' id='word_1_50' title='bbox 519 1009 752 1098; x_wconf 83' lang='lat' dir='ltr'>aestinmmus3</span> <span class='ocrx_word' id='word_1_51' title='bbox 783 1033 866 1085; x_wconf 87' lang='lat' dir='ltr'>curn</span> <span class='ocrx_word' id='word_1_52' title='bbox 883 1023 1004 1086; x_wconf 87' lang='lat' dir='ltr'>tamen</span> <span class='ocrx_word' id='word_1_53' title='bbox 1020 1013 1180 1106; x_wconf 80' lang='lat' dir='ltr'>Dasypus</span> <span class='ocrx_word' id='word_1_54' title='bbox 1195 1031 1264 1102; x_wconf 86' lang='lat' dir='ltr'>pere·</span> 
     </span>
     <span class='ocr_line' id='line_1_9' title="bbox 253 1103 1265 1208; baseline -0.006 -25"><span class='ocrx_word' id='word_1_55' title='bbox 253 1112 377 1208; x_wconf 83' lang='lat' dir='ltr'>grinus</span> <span class='ocrx_word' id='word_1_56' title='bbox 409 1107 591 1181; x_wconf 84' lang='lat' dir='ltr'>Erinaceo</span> <span class='ocrx_word' id='word_1_57' title='bbox 629 1107 779 1182; x_wconf 83' lang='lat' dir='ltr'>nostrati</span> <span class='ocrx_word' id='word_1_58' title='bbox 816 1107 971 1184; x_wconf 86' lang='lat' dir='ltr'>mirabili</span> <span class='ocrx_word' id='word_1_59' title='bbox 1008 1109 1175 1183; x_wconf 69' lang='lat' dir='ltr'>structura</span> <span class='ocrx_word' id='word_1_60' title='bbox 1201 1103 1265 1179; x_wconf 82' lang='lat' dir='ltr'>haud</span> 
     </span>
     <span class='ocr_line' id='line_1_10' title="bbox 252 1203 1264 1299; baseline -0.01 -17"><span class='ocrx_word' id='word_1_61' title='bbox 252 1209 468 1297; x_wconf 86' lang='lat' dir='ltr'>antecellat,</span> <span class='ocrx_word' id='word_1_62' title='bbox 500 1226 568 1279; x_wconf 91' lang='lat' dir='ltr'>nec</span> <span class='ocrx_word' id='word_1_63' title='bbox 594 1205 723 1278; x_wconf 87' lang='lat' dir='ltr'>ceteris</span> <span class='ocrx_word' id='word_1_64' title='bbox 757 1207 826 1279; x_wconf 89' lang='lat' dir='ltr'>illis</span> <span class='ocrx_word' id='word_1_65' title='bbox 860 1207 1074 1281; x_wconf 86' lang='lat' dir='ltr'>animalibus</span> <span class='ocrx_word' id='word_1_66' title='bbox 1105 1204 1184 1299; x_wconf 91' lang='lat' dir='ltr'>quid</span> <span class='ocrx_word' id='word_1_67' title='bbox 1212 1203 1264 1274; x_wconf 89' lang='lat' dir='ltr'>init</span> 
     </span>
     <span class='ocr_line' id='line_1_11' title="bbox 253 1297 1262 1402; baseline -0.009 -23"><span class='ocrx_word' id='word_1_68' title='bbox 253 1306 442 1402; x_wconf 88' lang='lat' dir='ltr'>pretiosrus</span> <span class='ocrx_word' id='word_1_69' title='bbox 474 1325 515 1374; x_wconf 88' lang='lat' dir='ltr'>ac</span> <span class='ocrx_word' id='word_1_70' title='bbox 548 1301 678 1375; x_wconf 89' lang='lat' dir='ltr'>nostris</span> <span class='ocrx_word' id='word_1_71' title='bbox 713 1303 857 1394; x_wconf 88' lang='lat' dir='ltr'>bestiis,</span> <span class='ocrx_word' id='word_1_72' title='bbox 901 1328 978 1399; x_wconf 84' lang='lat' dir='ltr'>quae</span> <span class='ocrx_word' id='word_1_73' title='bbox 1007 1305 1104 1378; x_wconf 90' lang='lat' dir='ltr'>forte</span> <span class='ocrx_word' id='word_1_74' title='bbox 1133 1297 1262 1376; x_wconf 79' lang='lat' dir='ltr'>abludit</span> 
     </span>
     <span class='ocr_line' id='line_1_12' title="bbox 252 1399 1259 1496; baseline -0.011 -18"><span class='ocrx_word' id='word_1_75' title='bbox 252 1427 330 1478; x_wconf 88' lang='lat' dir='ltr'>non</span> <span class='ocrx_word' id='word_1_76' title='bbox 359 1403 476 1476; x_wconf 90' lang='lat' dir='ltr'>minus</span> <span class='ocrx_word' id='word_1_77' title='bbox 511 1399 680 1474; x_wconf 78' lang='lat' dir='ltr'>mirande</span> <span class='ocrx_word' id='word_1_78' title='bbox 709 1400 1016 1495; x_wconf 86' lang='lat' dir='ltr'>conspicerentur.</span> <span class='ocrx_word' id='word_1_79' title='bbox 1080 1401 1141 1474; x_wconf 90' lang='lat' dir='ltr'>De</span> <span class='ocrx_word' id='word_1_80' title='bbox 1160 1399 1259 1496; x_wconf 60' lang='lat' dir='ltr'>piscibu</span> 
     </span>
     <span class='ocr_line' id='line_1_13' title="bbox 256 1486 1264 1590; baseline -0.011 -16"><span class='ocrx_word' id='word_1_81' title='bbox 256 1507 395 1575; x_wconf 80' lang='lat' dir='ltr'>Cetaceir</span> <span class='ocrx_word' id='word_1_82' title='bbox 420 1499 576 1571; x_wconf 88' lang='lat' dir='ltr'>novellae</span> <span class='ocrx_word' id='word_1_83' title='bbox 598 1486 751 1590; x_wconf 77' lang='lat' dir='ltr'>publice</span> <span class='ocrx_word' id='word_1_84' title='bbox 773 1497 868 1572; x_wconf 90' lang='lat' dir='ltr'>haud</span> <span class='ocrx_word' id='word_1_85' title='bbox 893 1522 975 1573; x_wconf 88' lang='lat' dir='ltr'>raro</span> <span class='ocrx_word' id='word_1_86' title='bbox 997 1499 1178 1588; x_wconf 84' lang='lat' dir='ltr'>referunt,</span> <span class='ocrx_word' id='word_1_87' title='bbox 1199 1489 1264 1587; x_wconf 86' lang='lat' dir='ltr'>quod</span> 
     </span>
     <span class='ocr_line' id='line_1_14' title="bbox 251 1591 1263 1692; baseline -0.011 -20"><span class='ocrx_word' id='word_1_88' title='bbox 251 1592 483 1672; x_wconf 89' lang='lat' dir='ltr'>miraculosus</span> <span class='ocrx_word' id='word_1_89' title='bbox 508 1592 612 1688; x_wconf 92' lang='lat' dir='ltr'>piscis</span> <span class='ocrx_word' id='word_1_90' title='bbox 644 1609 830 1692; x_wconf 89' lang='lat' dir='ltr'>mortuus,</span> <span class='ocrx_word' id='word_1_91' title='bbox 858 1595 896 1670; x_wconf 92' lang='lat' dir='ltr'>in</span> <span class='ocrx_word' id='word_1_92' title='bbox 921 1597 1023 1669; x_wconf 88' lang='lat' dir='ltr'>littus</span> <span class='ocrx_word' id='word_1_93' title='bbox 1053 1593 1203 1689; x_wconf 77' lang='lat' dir='ltr'>ejeslus,</span> <span class='ocrx_word' id='word_1_94' title='bbox 1220 1591 1263 1660; x_wconf 82' lang='lat' dir='ltr'>ob</span> 
     </span>
     <span class='ocr_line' id='line_1_15' title="bbox 251 1691 1264 1784; baseline -0.012 -15"><span class='ocrx_word' id='word_1_95' title='bbox 251 1695 411 1769; x_wconf 86' lang='lat' dir='ltr'>seruatus</span> <span class='ocrx_word' id='word_1_96' title='bbox 442 1691 571 1780; x_wconf 90' lang='lat' dir='ltr'>fuerit,</span> <span class='ocrx_word' id='word_1_97' title='bbox 599 1713 704 1784; x_wconf 90' lang='lat' dir='ltr'>quem</span> <span class='ocrx_word' id='word_1_98' title='bbox 723 1692 929 1766; x_wconf 90' lang='lat' dir='ltr'>Monstrum</span> <span class='ocrx_word' id='word_1_99' title='bbox 960 1694 1138 1768; x_wconf 87' lang='lat' dir='ltr'>marinum</span> <span class='ocrx_word' id='word_1_100' title='bbox 1164 1691 1264 1763; x_wconf 74' lang='lat' dir='ltr'>dimus</span> 
     </span>
     <span class='ocr_line' id='line_1_16' title="bbox 251 1788 1266 1886; baseline -0.011 -20"><span class='ocrx_word' id='word_1_101' title='bbox 251 1790 477 1886; x_wconf 74' lang='lat' dir='ltr'>Spcstatores</span> <span class='ocrx_word' id='word_1_102' title='bbox 507 1788 667 1880; x_wconf 89' lang='lat' dir='ltr'>undique</span> <span class='ocrx_word' id='word_1_103' title='bbox 705 1791 933 1864; x_wconf 89' lang='lat' dir='ltr'>confluentes</span> <span class='ocrx_word' id='word_1_104' title='bbox 964 1813 1042 1864; x_wconf 92' lang='lat' dir='ltr'>non</span> <span class='ocrx_word' id='word_1_105' title='bbox 1079 1789 1188 1863; x_wconf 89' lang='lat' dir='ltr'>solum</span> <span class='ocrx_word' id='word_1_106' title='bbox 1211 1803 1266 1857; x_wconf 86' lang='lat' dir='ltr'>tun</span> 
     </span>
     <span class='ocr_line' id='line_1_17' title="bbox 251 1879 1266 1980; baseline -0.004 -18"><span class='ocrx_word' id='word_1_107' title='bbox 251 1889 493 1978; x_wconf 87' lang='lat' dir='ltr'>admirantur,</span> <span class='ocrx_word' id='word_1_108' title='bbox 522 1883 580 1958; x_wconf 92' lang='lat' dir='ltr'>sed</span> <span class='ocrx_word' id='word_1_109' title='bbox 602 1885 709 1958; x_wconf 85' lang='lat' dir='ltr'>etiam</span> <span class='ocrx_word' id='word_1_110' title='bbox 726 1885 759 1959; x_wconf 90' lang='lat' dir='ltr'>se</span> <span class='ocrx_word' id='word_1_111' title='bbox 783 1887 820 1962; x_wconf 92' lang='lat' dir='ltr'>in</span> <span class='ocrx_word' id='word_1_112' title='bbox 844 1888 908 1961; x_wconf 94' lang='lat' dir='ltr'>illo</span> <span class='ocrx_word' id='word_1_113' title='bbox 928 1888 1049 1980; x_wconf 84' lang='lat' dir='ltr'>enses,</span> <span class='ocrx_word' id='word_1_114' title='bbox 1077 1885 1217 1975; x_wconf 74' lang='lat' dir='ltr'>sarissas,</span> <span class='ocrx_word' id='word_1_115' title='bbox 1233 1879 1247 1952; x_wconf 89' lang='lat' dir='ltr'>f</span> <span class='ocrx_word' id='word_1_116' title='bbox 1257 1917 1266 1932; x_wconf 95' lang='lat'><strong>·</strong></span> 
     </span>
     <span class='ocr_line' id='line_1_18' title="bbox 249 1983 1266 2080; baseline -0.01 -19"><span class='ocrx_word' id='word_1_117' title='bbox 249 1999 346 2062; x_wconf 85' lang='lat' dir='ltr'>retra</span> <span class='ocrx_word' id='word_1_118' title='bbox 366 1985 516 2076; x_wconf 87' lang='lat' dir='ltr'>&amp;plura</span> <span class='ocrx_word' id='word_1_119' title='bbox 538 1983 715 2076; x_wconf 86' lang='lat' dir='ltr'>ejusmodi</span> <span class='ocrx_word' id='word_1_120' title='bbox 733 1987 826 2057; x_wconf 88' lang='lat' dir='ltr'>mala</span> <span class='ocrx_word' id='word_1_121' title='bbox 843 1985 938 2080; x_wconf 77' lang='lat' dir='ltr'>signa</span> <span class='ocrx_word' id='word_1_122' title='bbox 962 1983 1196 2078; x_wconf 88' lang='lat' dir='ltr'>contemplari</span> <span class='ocrx_word' id='word_1_123' title='bbox 1215 1997 1266 2052; x_wconf 74' lang='lat' dir='ltr'>cre·</span> 
     </span>
    </p>
   </div>
   <div class='ocr_carea' id='block_1_3' title="bbox 122 2076 1279 2175">
    <p class='ocr_par' dir='ltr' id='par_1_3' title="bbox 122 2076 1279 2175">
     <span class='ocr_line' id='line_1_19' title="bbox 122 2076 1279 2175; baseline -0.012 -15"><span class='ocrx_word' id='word_1_124' title='bbox 122 2103 124 2108; x_wconf 80' lang='grc'>’</span> <span class='ocrx_word' id='word_1_125' title='bbox 250 2085 342 2158; x_wconf 84' lang='lat' dir='ltr'>dunt</span> <span class='ocrx_word' id='word_1_126' title='bbox 373 2083 501 2154; x_wconf 93' lang='lat' dir='ltr'>horum</span> <span class='ocrx_word' id='word_1_127' title='bbox 533 2079 683 2174; x_wconf 91' lang='lat' dir='ltr'>piscium</span> <span class='ocrx_word' id='word_1_128' title='bbox 710 2081 859 2172; x_wconf 91' lang='lat' dir='ltr'>insueti,</span> <span class='ocrx_word' id='word_1_129' title='bbox 901 2083 983 2175; x_wconf 90' lang='lat' dir='ltr'>quia</span> <span class='ocrx_word' id='word_1_130' title='bbox 1010 2081 1169 2175; x_wconf 76' lang='lat' dir='ltr'>abyssum</span> <span class='ocrx_word' id='word_1_131' title='bbox 1197 2076 1279 2150; x_wconf 40' lang='lat' dir='ltr'>inlr-¹</span> 
     </span>
    </p>
   </div>
   <div class='ocr_carea' id='block_1_4' title="bbox 239 2176 1278 3924">
    <p class='ocr_par' dir='ltr' id='par_1_4' title="bbox 239 2176 1278 3924">
     <span class='ocr_line' id='line_1_20' title="bbox 249 2176 1266 2267; baseline -0.012 -10"><span class='ocrx_word' id='word_1_132' title='bbox 249 2184 369 2257; x_wconf 87' lang='lat' dir='ltr'>bitant</span> <span class='ocrx_word' id='word_1_133' title='bbox 397 2177 481 2252; x_wconf 75' lang='lat' dir='ltr'>duni</span> <span class='ocrx_word' id='word_1_134' title='bbox 513 2177 667 2267; x_wconf 88' lang='lat' dir='ltr'>vivunt,</span> <span class='ocrx_word' id='word_1_135' title='bbox 701 2177 896 2252; x_wconf 86' lang='lat' dir='ltr'>&amp;mortui</span> <span class='ocrx_word' id='word_1_136' title='bbox 931 2180 1074 2254; x_wconf 89' lang='lat' dir='ltr'>demum</span> <span class='ocrx_word' id='word_1_137' title='bbox 1108 2178 1154 2252; x_wconf 86' lang='lat' dir='ltr'>ad</span> <span class='ocrx_word' id='word_1_138' title='bbox 1175 2176 1266 2250; x_wconf 76' lang='lat' dir='ltr'>littora</span> 
     </span>
     <span class='ocr_line' id='line_1_21' title="bbox 249 2273 1264 2373; baseline -0.015 -19"><span class='ocrx_word' id='word_1_139' title='bbox 249 2278 496 2373; x_wconf 88' lang='lat' dir='ltr'>conjiciuntur</span> <span class='ocrx_word' id='word_1_140' title='bbox 515 2275 623 2368; x_wconf 85' lang='lat' dir='ltr'>inque</span> <span class='ocrx_word' id='word_1_141' title='bbox 646 2275 834 2348; x_wconf 92' lang='lat' dir='ltr'>hominum</span> <span class='ocrx_word' id='word_1_142' title='bbox 852 2277 1081 2370; x_wconf 78' lang='lat' dir='ltr'>conspeunn</span> <span class='ocrx_word' id='word_1_143' title='bbox 1107 2273 1264 2368; x_wconf 85' lang='lat' dir='ltr'>prodeunt</span> 
     </span>
     <span class='ocr_line' id='line_1_22' title="bbox 247 2363 1267 2469; baseline -0.006 -17"><span class='ocrx_word' id='word_1_144' title='bbox 247 2379 301 2452; x_wconf 84' lang='lat' dir='ltr'>At</span> <span class='ocrx_word' id='word_1_145' title='bbox 323 2377 436 2469; x_wconf 68' lang='lat' dir='ltr'>Rois,</span> <span class='ocrx_word' id='word_1_146' title='bbox 473 2372 608 2466; x_wconf 87' lang='lat' dir='ltr'>pariter</span> <span class='ocrx_word' id='word_1_147' title='bbox 636 2372 780 2465; x_wconf 87' lang='lat' dir='ltr'>quidem</span> <span class='ocrx_word' id='word_1_148' title='bbox 806 2373 984 2464; x_wconf 90' lang='lat' dir='ltr'>mirabili,</span> <span class='ocrx_word' id='word_1_149' title='bbox 1019 2372 1078 2447; x_wconf 88' lang='lat' dir='ltr'>sed</span> <span class='ocrx_word' id='word_1_150' title='bbox 1105 2363 1267 2467; x_wconf 77' lang='lat' dir='ltr'>vulgari&amp;</span> 
     </span>
     <span class='ocr_line' id='line_1_23' title="bbox 247 2469 1267 2564; baseline -0.014 -14"><span class='ocrx_word' id='word_1_151' title='bbox 247 2474 382 2562; x_wconf 79' lang='lat' dir='ltr'>solite,</span> <span class='ocrx_word' id='word_1_152' title='bbox 409 2473 537 2544; x_wconf 89' lang='lat' dir='ltr'>oculos</span> <span class='ocrx_word' id='word_1_153' title='bbox 562 2469 821 2564; x_wconf 79' lang='lat' dir='ltr'>nenopraebet</span> <span class='ocrx_word' id='word_1_154' title='bbox 835 2470 1008 2545; x_wconf 91' lang='lat' dir='ltr'>curiosos.</span> <span class='ocrx_word' id='word_1_155' title='bbox 1060 2469 1123 2544; x_wconf 88' lang='lat' dir='ltr'>Sic</span> <span class='ocrx_word' id='word_1_156' title='bbox 1140 2481 1211 2542; x_wconf 83' lang='lat' dir='ltr'>tota</span> <span class='ocrx_word' id='word_1_157' title='bbox 1226 2483 1267 2537; x_wconf 84' lang='lat' dir='ltr'>ot·</span> 
     </span>
     <span class='ocr_line' id='line_1_24' title="bbox 247 2563 1266 2662; baseline -0.013 -17"><span class='ocrx_word' id='word_1_158' title='bbox 247 2587 329 2645; x_wconf 85' lang='lat' dir='ltr'>tura</span> <span class='ocrx_word' id='word_1_159' title='bbox 350 2580 557 2662; x_wconf 87' lang='lat' dir='ltr'>comparata</span> <span class='ocrx_word' id='word_1_160' title='bbox 580 2566 650 2639; x_wconf 88' lang='lat' dir='ltr'>est:</span> <span class='ocrx_word' id='word_1_161' title='bbox 686 2565 945 2660; x_wconf 81' lang='lat' dir='ltr'>Cognitionem</span> <span class='ocrx_word' id='word_1_162' title='bbox 971 2568 1178 2643; x_wconf 85' lang='lat' dir='ltr'>animalium</span> <span class='ocrx_word' id='word_1_163' title='bbox 1199 2563 1266 2636; x_wconf 86' lang='lat' dir='ltr'>cirta</span> 
     </span>
     <span class='ocr_line' id='line_1_25' title="bbox 245 2663 1266 2757; baseline -0.013 -13"><span class='ocrx_word' id='word_1_164' title='bbox 245 2691 316 2744; x_wconf 90' lang='lat' dir='ltr'>nos</span> <span class='ocrx_word' id='word_1_165' title='bbox 343 2665 560 2738; x_wconf 87' lang='lat' dir='ltr'>versantium</span> <span class='ocrx_word' id='word_1_166' title='bbox 590 2665 666 2736; x_wconf 87' lang='lat' dir='ltr'>cito</span> <span class='ocrx_word' id='word_1_167' title='bbox 696 2664 804 2736; x_wconf 91' lang='lat' dir='ltr'>nobis</span> <span class='ocrx_word' id='word_1_168' title='bbox 834 2665 1073 2757; x_wconf 90' lang='lat' dir='ltr'>acquirimus,</span> <span class='ocrx_word' id='word_1_169' title='bbox 1111 2663 1181 2738; x_wconf 90' lang='lat' dir='ltr'>illis</span> <span class='ocrx_word' id='word_1_170' title='bbox 1202 2677 1266 2732; x_wconf 86' lang='lat' dir='ltr'>vero</span> 
     </span>
     <span class='ocr_line' id='line_1_26' title="bbox 246 2761 1268 2858; baseline -0.013 -19"><span class='ocrx_word' id='word_1_171' title='bbox 246 2764 425 2858; x_wconf 85' lang='lat' dir='ltr'>cognitis,</span> <span class='ocrx_word' id='word_1_172' title='bbox 450 2762 587 2835; x_wconf 87' lang='lat' dir='ltr'>rariora</span> <span class='ocrx_word' id='word_1_173' title='bbox 604 2761 771 2852; x_wconf 89' lang='lat' dir='ltr'>tandem,</span> <span class='ocrx_word' id='word_1_174' title='bbox 802 2762 913 2834; x_wconf 90' lang='lat' dir='ltr'>modo</span> <span class='ocrx_word' id='word_1_175' title='bbox 934 2766 1072 2857; x_wconf 85' lang='lat' dir='ltr'>majora</span> <span class='ocrx_word' id='word_1_176' title='bbox 1090 2763 1178 2852; x_wconf 80' lang='lat' dir='ltr'>sint,</span> <span class='ocrx_word' id='word_1_177' title='bbox 1202 2775 1268 2851; x_wconf 77' lang='lat' dir='ltr'>qua·</span> 
     </span>
     <span class='ocr_line' id='line_1_27' title="bbox 246 2849 1267 2958; baseline -0.004 -24"><span class='ocrx_word' id='word_1_178' title='bbox 246 2885 316 2958; x_wconf 90' lang='lat' dir='ltr'>que</span> <span class='ocrx_word' id='word_1_179' title='bbox 351 2860 502 2934; x_wconf 82' lang='lat' dir='ltr'>sensibus</span> <span class='ocrx_word' id='word_1_180' title='bbox 531 2858 662 2934; x_wconf 90' lang='lat' dir='ltr'>nostris</span> <span class='ocrx_word' id='word_1_181' title='bbox 691 2857 797 2932; x_wconf 88' lang='lat' dir='ltr'>facile</span> <span class='ocrx_word' id='word_1_182' title='bbox 827 2859 1152 2953; x_wconf 70' lang='lat' dir='ltr'>representantur,</span> <span class='ocrx_word' id='word_1_183' title='bbox 1185 2849 1267 2946; x_wconf 67' lang='lat' dir='ltr'>magis</span> 
     </span>
     <span class='ocr_line' id='line_1_28' title="bbox 243 2953 1278 3055; baseline -0.014 -19"><span class='ocrx_word' id='word_1_184' title='bbox 243 2960 426 3055; x_wconf 80' lang='lat' dir='ltr'>magisque</span> <span class='ocrx_word' id='word_1_185' title='bbox 455 2959 706 3050; x_wconf 77' lang='lat' dir='ltr'>exploramus3</span> <span class='ocrx_word' id='word_1_186' title='bbox 743 2979 800 3028; x_wconf 89' lang='lat' dir='ltr'>res</span> <span class='ocrx_word' id='word_1_187' title='bbox 835 2970 954 3030; x_wconf 89' lang='lat' dir='ltr'>autem</span> <span class='ocrx_word' id='word_1_188' title='bbox 984 2957 1172 3046; x_wconf 86' lang='lat' dir='ltr'>minimas,</span> <span class='ocrx_word' id='word_1_189' title='bbox 1206 2953 1278 3026; x_wconf 73' lang='lat' dir='ltr'>let</span> 
     </span>
     <span class='ocr_line' id='line_1_29' title="bbox 243 3049 1278 3149; baseline -0.015 -14"><span class='ocrx_word' id='word_1_190' title='bbox 243 3059 351 3136; x_wconf 90' lang='lat' dir='ltr'>nobis</span> <span class='ocrx_word' id='word_1_191' title='bbox 378 3056 582 3149; x_wconf 87' lang='lat' dir='ltr'>proximas,</span> <span class='ocrx_word' id='word_1_192' title='bbox 609 3053 632 3126; x_wconf 90' lang='lat' dir='ltr'>sr</span> <span class='ocrx_word' id='word_1_193' title='bbox 655 3052 833 3126; x_wconf 88' lang='lat' dir='ltr'>difficilius</span> <span class='ocrx_word' id='word_1_194' title='bbox 860 3053 897 3126; x_wconf 94' lang='lat' dir='ltr'>in</span> <span class='ocrx_word' id='word_1_195' title='bbox 920 3053 1036 3128; x_wconf 88' lang='lat' dir='ltr'>sensus</span> <span class='ocrx_word' id='word_1_196' title='bbox 1066 3053 1206 3127; x_wconf 87' lang='lat' dir='ltr'>nostros</span> <span class='ocrx_word' id='word_1_197' title='bbox 1229 3049 1278 3136; x_wconf 75' lang='lat' dir='ltr'>cel</span> 
     </span>
     <span class='ocr_line' id='line_1_30' title="bbox 242 3143 1278 3244; baseline -0.015 -12"><span class='ocrx_word' id='word_1_198' title='bbox 242 3159 326 3232; x_wconf 89' lang='lat' dir='ltr'>dere</span> <span class='ocrx_word' id='word_1_199' title='bbox 352 3155 451 3227; x_wconf 89' lang='lat' dir='ltr'>&amp;ab</span> <span class='ocrx_word' id='word_1_200' title='bbox 477 3152 528 3225; x_wconf 90' lang='lat' dir='ltr'>eis</span> <span class='ocrx_word' id='word_1_201' title='bbox 558 3150 740 3223; x_wconf 89' lang='lat' dir='ltr'>observari</span> <span class='ocrx_word' id='word_1_202' title='bbox 773 3149 923 3243; x_wconf 82' lang='lat' dir='ltr'>poffint,</span> <span class='ocrx_word' id='word_1_203' title='bbox 961 3151 1055 3244; x_wconf 81' lang='lat' dir='ltr'>quasi</span> <span class='ocrx_word' id='word_1_204' title='bbox 1076 3151 1114 3226; x_wconf 89' lang='lat' dir='ltr'>in</span> <span class='ocrx_word' id='word_1_205' title='bbox 1144 3143 1278 3224; x_wconf 75' lang='lat' dir='ltr'>obscuro</span> 
     </span>
     <span class='ocr_line' id='line_1_31' title="bbox 242 3241 1267 3350; baseline -0.015 -21"><span class='ocrx_word' id='word_1_206' title='bbox 242 3252 475 3350; x_wconf 80' lang='lat' dir='ltr'>preterimus.</span> <span class='ocrx_word' id='word_1_207' title='bbox 536 3247 578 3321; x_wconf 95' lang='lat' dir='ltr'>ln</span> <span class='ocrx_word' id='word_1_208' title='bbox 607 3249 780 3341; x_wconf 89' lang='lat' dir='ltr'>palatium</span> <span class='ocrx_word' id='word_1_209' title='bbox 809 3248 1065 3323; x_wconf 88' lang='lat' dir='ltr'>ornatillimum</span> <span class='ocrx_word' id='word_1_210' title='bbox 1097 3250 1158 3322; x_wconf 87' lang='lat' dir='ltr'>vel</span> <span class='ocrx_word' id='word_1_211' title='bbox 1182 3241 1267 3320; x_wconf 74' lang='lat' dir='ltr'>dadr-</span> 
     </span>
     <span class='ocr_line' id='line_1_32' title="bbox 242 3335 1267 3439; baseline -0.012 -13"><span class='ocrx_word' id='word_1_212' title='bbox 242 3355 337 3427; x_wconf 89' lang='lat' dir='ltr'>leum</span> <span class='ocrx_word' id='word_1_213' title='bbox 362 3351 386 3422; x_wconf 92' lang='lat' dir='ltr'>sr</span> <span class='ocrx_word' id='word_1_214' title='bbox 412 3346 663 3421; x_wconf 88' lang='lat' dir='ltr'>introducatur</span> <span class='ocrx_word' id='word_1_215' title='bbox 687 3345 919 3439; x_wconf 83' lang='lat' dir='ltr'>peregrinus,</span> <span class='ocrx_word' id='word_1_216' title='bbox 952 3368 1086 3420; x_wconf 88' lang='lat' dir='ltr'>numne</span> <span class='ocrx_word' id='word_1_217' title='bbox 1113 3347 1152 3420; x_wconf 88' lang='lat' dir='ltr'>in</span> <span class='ocrx_word' id='word_1_218' title='bbox 1178 3335 1267 3417; x_wconf 68' lang='lat' dir='ltr'>seculus</span> 
     </span>
     <span class='ocr_line' id='line_1_33' title="bbox 243 3442 1268 3542; baseline -0.012 -21"><span class='ocrx_word' id='word_1_219' title='bbox 243 3453 321 3539; x_wconf 88' lang='lat' dir='ltr'>ejus</span> <span class='ocrx_word' id='word_1_220' title='bbox 337 3457 548 3519; x_wconf 87' lang='lat' dir='ltr'>ornamenta</span> <span class='ocrx_word' id='word_1_221' title='bbox 562 3443 700 3535; x_wconf 87' lang='lat' dir='ltr'>majora</span> <span class='ocrx_word' id='word_1_222' title='bbox 719 3443 818 3536; x_wconf 87' lang='lat' dir='ltr'>prius</span> <span class='ocrx_word' id='word_1_223' title='bbox 834 3442 1009 3534; x_wconf 86' lang='lat' dir='ltr'>incidant,</span> <span class='ocrx_word' id='word_1_224' title='bbox 1031 3442 1158 3536; x_wconf 89' lang='lat' dir='ltr'>postea</span> <span class='ocrx_word' id='word_1_225' title='bbox 1175 3450 1268 3542; x_wconf 61' lang='lat' dir='ltr'>autern</span> 
     </span>
     <span class='ocr_line' id='line_1_34' title="bbox 242 3531 1268 3634; baseline -0.015 -16"><span class='ocrx_word' id='word_1_226' title='bbox 242 3547 314 3618; x_wconf 85' lang='lat' dir='ltr'>illis</span> <span class='ocrx_word' id='word_1_227' title='bbox 339 3543 541 3616; x_wconf 88' lang='lat' dir='ltr'>&amp;minima</span> <span class='ocrx_word' id='word_1_228' title='bbox 573 3539 816 3634; x_wconf 88' lang='lat' dir='ltr'>perlustratis,</span> <span class='ocrx_word' id='word_1_229' title='bbox 844 3539 997 3615; x_wconf 87' lang='lat' dir='ltr'>artificia</span> <span class='ocrx_word' id='word_1_230' title='bbox 1026 3537 1193 3614; x_wconf 75' lang='lat' dir='ltr'>minora?</span> <span class='ocrx_word' id='word_1_231' title='bbox 1225 3531 1268 3604; x_wconf 85' lang='lat' dir='ltr'>Src</span> 
     </span>
     <span class='ocr_line' id='line_1_35' title="bbox 243 3632 1266 3729; baseline -0.016 -12"><span class='ocrx_word' id='word_1_232' title='bbox 243 3643 369 3716; x_wconf 85' lang='lat' dir='ltr'>&amp;nos</span> <span class='ocrx_word' id='word_1_233' title='bbox 401 3641 594 3728; x_wconf 90' lang='lat' dir='ltr'>mortales,</span> <span class='ocrx_word' id='word_1_234' title='bbox 635 3637 764 3729; x_wconf 89' lang='lat' dir='ltr'>quibus</span> <span class='ocrx_word' id='word_1_235' title='bbox 804 3635 953 3711; x_wconf 88' lang='lat' dir='ltr'>Numen</span> <span class='ocrx_word' id='word_1_236' title='bbox 987 3632 1266 3712; x_wconf 79' lang='lat' dir='ltr'>clementissimum</span> 
     </span>
     <span class='ocr_line' id='line_1_36' title="bbox 241 3732 1264 3840; baseline -0.011 -25"><span class='ocrx_word' id='word_1_237' title='bbox 241 3742 390 3840; x_wconf 86' lang='lat' dir='ltr'>gratiam</span> <span class='ocrx_word' id='word_1_238' title='bbox 410 3736 581 3809; x_wconf 81' lang='lat' dir='ltr'>concessit</span> <span class='ocrx_word' id='word_1_239' title='bbox 604 3732 837 3808; x_wconf 78' lang='lat' dir='ltr'>suavissimum</span> <span class='ocrx_word' id='word_1_240' title='bbox 862 3735 968 3827; x_wconf 91' lang='lat' dir='ltr'>hujus</span> <span class='ocrx_word' id='word_1_241' title='bbox 992 3735 1092 3809; x_wconf 87' lang='lat' dir='ltr'>orbis</span> <span class='ocrx_word' id='word_1_242' title='bbox 1117 3745 1264 3806; x_wconf 79' lang='lat' dir='ltr'>terrarum</span> 
     </span>
     <span class='ocr_line' id='line_1_37' title="bbox 239 3821 1263 3924; baseline -0.008 -10"><span class='ocrx_word' id='word_1_243' title='bbox 239 3841 419 3914; x_wconf 89' lang='lat' dir='ltr'>theatrum</span> <span class='ocrx_word' id='word_1_244' title='bbox 445 3832 613 3923; x_wconf 91' lang='lat' dir='ltr'>ineundi,</span> <span class='ocrx_word' id='word_1_245' title='bbox 639 3833 787 3924; x_wconf 86' lang='lat' dir='ltr'>ejusque</span> <span class='ocrx_word' id='word_1_246' title='bbox 809 3831 980 3906; x_wconf 86' lang='lat' dir='ltr'>miracula</span> <span class='ocrx_word' id='word_1_247' title='bbox 1003 3821 1263 3924; x_wconf 80' lang='lat' dir='ltr'>contemplandi</span> 
     </span>
    </p>
   </div>
   <div class='ocr_carea' id='block_1_5' title="bbox 240 3923 1262 4103">
    <p class='ocr_par' dir='ltr' id='par_1_5' title="bbox 240 3923 1277 4103">
     <span class='ocr_line' id='line_1_38' title="bbox 240 3923 1262 4094; baseline -0.011 -82"><span class='ocrx_word' id='word_1_248' title='bbox 240 3959 318 4034; x_wconf 84' lang='lat' dir='ltr'>quae</span> <span class='ocrx_word' id='word_1_249' title='bbox 341 3949 400 4011; x_wconf 88' lang='lat' dir='ltr'>tot</span> <span class='ocrx_word' id='word_1_250' title='bbox 423 3931 524 4021; x_wconf 91' lang='lat' dir='ltr'>sunt,</span> <span class='ocrx_word' id='word_1_251' title='bbox 549 3943 591 4004; x_wconf 92' lang='lat' dir='ltr'>ut</span> <span class='ocrx_word' id='word_1_252' title='bbox 608 3929 673 4003; x_wconf 88' lang='lat' dir='ltr'>vix</span> <span class='ocrx_word' id='word_1_253' title='bbox 695 3928 878 4006; x_wconf 83' lang='lat' dir='ltr'>minimam</span> <span class='ocrx_word' id='word_1_254' title='bbox 892 3942 1032 4025; x_wconf 88' lang='lat' dir='ltr'>partem</span> <span class='ocrx_word' id='word_1_255' title='bbox 1052 3949 1179 4006; x_wconf 87' lang='lat' dir='ltr'>eorum</span> <span class='ocrx_word' id='word_1_256' title='bbox 1198 3923 1262 4094; x_wconf 45' lang='lat' dir='ltr'>rig</span> 
     </span>
     <span class='ocr_line' id='line_1_39' title="bbox 267 4044 1204 4103; baseline -0.027 20"><span class='ocrx_word' id='word_1_257' title='bbox 267 4069 269 4076; x_wconf 57' lang='lat'><strong>⁴</strong></span> <span class='ocrx_word' id='word_1_258' title='bbox 1158 4044 1204 4103; x_wconf 88' lang='lat' dir='ltr'>no</span> 
     </span>
    </p>
   </div>
   <div class='ocr_carea' id='block_1_6' title="bbox 0 0 1290 4756">
    <p class='ocr_par' dir='ltr' id='par_1_6' title="bbox 0 0 1290 4756">
     <span class='ocr_line' id='line_1_40' title="bbox 0 0 1290 4756; baseline 0 4"><span class='ocrx_word' id='word_1_259' title='bbox 0 0 1290 4756; x_wconf 95' lang='lat' dir='ltr'> </span> 
     </span>
    </p>
   </div>
  </div>
 </body>
</html>
