2572 4756
164 271 432 358 MIRACULA
463 272 816 356 INSECTORUM.
947 292 1017 372 315

16 443 94 534 nibus
115 455 267 548 constet3
306 456 486 552 ejusmodi
514 455 649 552 speiira
681 457 864 532 credulum
888 455 1017 550 vulgus

13 553 105 647 sepius
124 554 285 630 observat
310 557 347 630 in
372 555 494 630 dissitis
515 555 739 650 provinciis,
769 575 874 648 quam
900 553 1018 626 natio-

13 675 59 724 nes
71 653 195 745 politae,
220 653 388 726 civitates
405 654 571 744 excultae,
592 653 735 746 virique
749 651 904 742 literati,
930 671 1019 746 quo

14 771 68 822 run
88 747 188 823 senno
214 749 259 824 de
283 749 461 845 eiusmodi
490 751 672 826 miraculis
695 771 742 824 eo
768 749 907 842 rarior,
944 769 1019 844 quo

13 847 84 941 vulgi
104 847 320 940 frequentior
343 847 498 922 auditur,

83 981 222 1058 Errores
244 986 460 1080 populares,
486 983 546 1078 qui
572 983 634 1060 sub
657 983 734 1082 ipso
760 983 961 1081 gentilismo
987 977 1022 1054 dt

19 1077 215 1172 anu'quiffimis
245 1082 472 1178 temporibus
497 1077 566 1156 sese
594 1081 838 1174 insinuarunt,
869 1078 940 1156 huc
963 1099 1021 1150 us·

22 1197 66 1266 que
75 1177 153 1270 apud
168 1181 287 1254 varias
310 1179 479 1254 nationes
495 1179 556 1274 pie
574 1178 705 1254 servati
727 1181 853 1254 valent
868 1191 1021 1254 utnum-

18 1273 64 1362 ui,
83 1277 166 1348 nulla
181 1277 225 1350 de
243 1299 372 1352 eorum
389 1277 544 1350 veritate
564 1277 656 1374 fasta
675 1277 884 1372 quaestione.
925 1271 1023 1350 Mul·

16 1380 40 1440 ta
60 1367 122 1446 sane
150 1375 262 1450 uirbae
293 1375 446 1470 ignobili
475 1373 681 1470 supersunt,
713 1398 791 1468 qum
817 1375 917 1470 prius
942 1369 1025 1446 tolli

16 1483 185 1562 nequeunt,
231 1495 340 1566 quam
376 1493 497 1546 mores
536 1473 632 1546 illius
648 1471 898 1568 epersequatur
937 1469 1024 1544 lima

17 1585 124 1658 eumn,
154 1569 213 1663 qui
235 1571 451 1666 cognitione
476 1569 642 1664 Physrces
666 1569 701 1646 tr
721 1569 889 1644 Scientiae
905 1568 1023 1643 Natu-

14 1661 72 1768 ralis
85 1665 143 1739 rite
162 1667 243 1742 sunt
265 1665 436 1742 instruiii.
472 1665 607 1742 Nodos
629 1668 803 1764 quosdam
819 1687 1025 1756 connexos,

15 1757 165 1864 innosque
189 1763 359 1857 quasdam
388 1763 662 1860 inexplicabiles
687 1763 855 1860 scriptas,
891 1763 1026 1858 aliquid

14 1873 162 1934 oratura
187 1864 264 1936 sine
289 1861 473 1958 progressu
494 1863 708 1938 mechanico
731 1861 894 1954 efficere,
920 1861 1025 1936 multi

15 1953 180 2059 confidunt!
208 1981 340 2056 gravm
366 1981 478 2054 porro
501 1961 705 2036 morbos&
725 1959 913 2034 lethiferos
935 1959 1026 2056 saepc

14 2049 72 2122 ude
94 2069 204 2132 ortum
238 2055 373 2130 ducere
403 2056 664 2154 imaginantur,
702 2058 800 2152 quod
824 2073 887 2132 aut
910 2079 1026 2132 ramu-

13 2145 64 2220 lun
89 2151 359 2246 detmncarint,
410 2167 473 2228 aut
511 2153 626 2248 quieti
658 2153 693 2230 se
726 2153 892 2228 dederint
923 2157 1026 2248 iuxta

16 2245 139 2324 arborem
161 2251 339 2344 quandam
364 2249 538 2343 sensiam,
564 2249 589 2326 i.
608 2273 641 2326 e.
668 2252 729 2327 sub
755 2273 824 2346 qua
839 2251 950 2326 Lares
970 2273 1026 2324 re-

17 2339 120 2422 ideant.
167 2349 313 2424 Horum
337 2347 560 2442 aliorumque
587 2349 754 2424 veritatis
776 2349 800 2422 fi
826 2348 1026 2424 convince·

18 2455 115 2536 renu,
145 2461 254 2522 certae
277 2443 430 2520 omnino
459 2443 617 2520 adess'ent
645 2445 943 2544 observationes,
972 2448 1027 2524 in·

19 2543 81 2614 terea
102 2564 241 2620 errores
265 2541 448 2620 censemus
472 2543 542 2620 else
564 2565 663 2620 mere
686 2543 893 2640 populares.

434 2747 469 2836 q.
519 2737 568 2814 11.

77 2867 250 2948 Mundum
281 2872 379 2948 hunc
410 2869 570 2968 ingresi,
601 2891 667 2965 per
695 2865 942 2964 quotidianam
965 2895 1027 2946 ex·

15 2963 189 3050 perlentium
217 2971 327 3046 rebus
365 2968 615 3066 dignoscendis
652 2989 801 3062 operam
837 2989 1024 3044 navamus.

16 3057 75 3160 Qus
97 3068 209 3142 oculis
237 3066 369 3140 nostris
400 3081 507 3139 antea
530 3087 608 3140 non
629 3063 784 3158 subjesta
811 3064 936 3156 fuere,
968 3067 1027 3140 ad·

16 3157 167 3238 russone
191 3185 264 3240 nos
281 3166 450 3258 replent,
475 3161 601 3256 sepius
623 3183 717 3235 vero
742 3161 817 3234 visa
837 3161 1026 3236 vilescunt

16 3251 98 3352 Quid,
123 3261 263 3354 quaeso,
290 3263 382 3336 Luca
398 3258 637 3354 splendidius,
663 3260 782 3353 Igneus
802 3259 1027 3334 mirabilius?

17 3357 146 3456 uoniam
176 3381 271 3434 vero
300 3357 508 3451 conspeiiui
536 3355 662 3432 nostro
690 3355 791 3428 omni
824 3355 883 3428 die
912 3357 1026 3430 obve-

17 3465 103 3545 uunt,
132 3457 184 3531 nil
212 3458 297 3532 inde
322 3456 504 3530 miramur.
553 3455 638 3529 Nec
663 3451 742 3527 visu
767 3453 932 3528 mirabile
961 3453 1026 3548 est,

17 3543 74 3620 locs
96 3575 158 3646 per
180 3557 369 3650 regionem
391 3553 483 3626 afiris
507 3554 699 3641 volantes,
724 3549 775 3624 ibi
799 3551 893 3644 quast
913 3551 1028 3648 pisces

17 3659 32 3710 u
49 3651 137 3738 aquis
158 3653 350 3745 fluduarc,
374 3671 484 3745 quum
505 3652 578 3724 hoc
599 3647 763 3742 quotidie
783 3649 878 3722 inter
897 3671 1025 3726 onmes

18 3741 126 3846 obstet
187 3749 357 3825 Rusticus
391 3762 511 3824 autem
542 3748 603 3820 vel
632 3747 762 3840 Lappo
795 3747 885 3822 aule
910 3747 1026 3822 intro·

18 3835 114 3934 llius,
138 3848 188 3921 ob
209 3869 379 3942 pompam
401 3846 537 3940 regiam
557 3843 869 3939 splendidamque,
895 3859 1024 3937 aperto

18 3947 49 4006 re
65 3936 147 4036 sepe
172 3943 409 4044 obstupescit3
433 3943 481 4022 stc
496 3941 709 4039 quotidiana
731 3963 851 4018 rerum
873 3939 1024 4053 presen-
