2568 4764
249 298 319 373 232
629 271 717 350 CUI
747 271 923 351 BONO?
972 273 980 284 ‘

248 454 323 528 dici
339 463 477 548 queunt
490 449 643 526 vestium
663 475 817 548 pompa,
841 452 1029 548 splendor,
1052 450 1205 544 (liedda,
1225 453 1273 527 de·

246 552 363 640 licia,
388 550 422 624 δι
437 547 641 641 necessitas,
666 573 711 624 ex
728 550 822 626 hisce
838 552 989 644 primam
1005 548 1107 623 naua
1125 550 1202 624 sunt
1216 551 1273 625 ori·

247 645 706 762 ginem;·s1ne‘illis·enirn
726 647 840 721 homo
865 645 950 721 eilet
974 666 1074 739 aeque
1091 648 1223 740 nudus,
1243 667 1273 720 ae

247 748 310 818 ulle
335 743 385 818 est
406 758 567 834 creatus,
592 759 701 838 atquc
722 746 759 818 in
780 745 950 820 mundum
973 743 1102 818 editus.
1150 743 1273 818 Nihilo

141 841 144 848 ’
247 843 368 918 minus
393 842 528 934 semper
556 841 703 934 questio
725 842 882 934 quadarn
909 842 1151 916 communiter
1170 863 1273 914 occur·

234 940 320 1032 ¹rit,
351 963 428 1034 quae
444 952 580 1015 naturae
606 936 763 1012 Curiosrs
781 939 893 1031 objici
918 939 1030 1028 solet,
1077 938 1196 1014 nando
1215 937 1273 1010 vul

246 1058 315 1135 gus
343 1037 426 1111 illos
457 1036 559 1126 uidet
592 1049 792 1131 occupatos
813 1036 851 1110 in
874 1031 1024 1132 objedlis
1053 961 1123 1109 suis
1146 1047 1273 1109 natiue·

248 1158 320 1230 que
349 1130 532 1230 produtlis
564 1131 846 1228 perscrutandis,
880 1133 1003 1208 &illa
1033 1131 1187 1226 persaepe
1212 1151 1273 1203 orn

246 1231 484 1326 Myuerismo
520 1230 765 1324 proponitur,
810 1231 955 1325 quando
993 1230 1065 1305 scil
1107 1229 1273 1324 quaeritur:

250 1329 338 1402 CUI
363 1325 533 1401 BONO?
569 1329 675 1433 Quasi
695 1328 858 1402 dicerent
874 1330 911 1402 hi
933 1329 1067 1426 ignari,
1092 1323 1272 1400 illuminor

247 1425 387 1502 fatuum
412 1425 502 1514 elle,
525 1429 584 1517 qui
607 1424 735 1500 trailet
760 1426 1090 1516 cumscientiam,
1117 1445 1195 1517 qua
1216 1419 1273 1496 nul

248 1525 323 1600 lurn
358 1521 541 1616 promittit
572 1522 746 1611 huilum3
784 1524 964 1617 praecipue
995 1521 1141 1616 quando
1172 1519 1273 1592 vident

249 1621 348 1696 circa
382 1619 526 1718 publica
557 1619 714 1713 quaedarn
753 1620 940 1711 instituta,
976 1617 1161 1694 scientiam
1190 1617 1273 1690 niun

249 1733 387 1795 nature
412 1737 605 1809 regnorum
627 1730 809 1811 receptam
835 1741 910 1792 non
937 1717 1028 1807 eise,
1054 1739 1124 1790 nec
1145 1715 1188 1789 ad
1202 1713 1271 1786 Aa·

249 1815 386 1890 dernias
403 1813 595 1910 plurinras,
624 1835 694 1888 nec
712 1815 806 1888 inter
825 1815 990 1890 scientias
1015 1812 1272 1910 philosophicis,

249 1913 362 1986 inrrno
389 1931 457 1984 nee
473 1910 511 1983 in
538 1909 639 1984 Statu
655 1909 904 2012 Ecclesiastico
927 1934 995 1986 nec
1016 1912 1185 2005 politico.
1226 1905 1272 1994 Et,

248 2009 402 2083 credunt
423 2007 482 2097 hi,
506 2006 700 2081 Scientianr
727 2009 910 2092 hanoelse
929 2035 1044 2082 meram
1065 2011 1216 2103 quemdum
1233 2027 1272 2074 ni·

248 2107 439 2201 nostratem,
469 2127 546 2197 quae
576 2106 669 2197 quasi
693 2105 738 2178 ad
761 2121 902 2202 tempus
926 2106 1114 2180 terendrun
1144 2099 1271 2177 obleui-

248 2217 375 2280 mento
407 2200 457 2274 est
486 2201 609 2276 otiosis
639 2201 672 2273 dt
700 2203 974 2299 negligentibus.
1037 2203 1172 2276 Haecce
1202 2217 1270 2290 que·

235 2297 320 2378 ‘'stio
349 2299 459 2390 mihi,
492 2297 713 2372 &omnibus
741 2299 817 2373 fere
849 2301 939 2390 illis,
969 2301 1029 2395 qui
1053 2313 1189 2372 natura
1212 2313 1269 2388 per·

247 2397 444 2475 scrutandae
470 2417 617 2489 operam
643 2411 799 2487 navant,
829 2397 969 2492 objeila
993 2397 1067 2486 est,
1096 2396 1201 2490 idque
1218 2407 1269 2462 nn

248 2496 361 2590 saepe,
387 2507 430 2567 ut
448 2495 556 2588 longe
578 2494 708 2568 abhinc
729 2493 873 2568 taedium
892 2495 979 2568 mihi
999 2493 1179 2568 facefferit
1199 2487 1267 2562 iuius

247 2593 429 2686 strepitus.
506 2593 629 2692 Quare
661 2591 838 2666 necessum
868 2591 1117 2687 disputavi,
1152 2602 1192 2662 ut
1219 2587 1266 2678 jau

249 2692 289 2764 in
325 2691 436 2762 hacce
473 2687 682 2778 quastione‘
707 2687 943 2768 subsisterem,
976 2687 1264 2782 &responsiones

147 2871 149 2876 ,
250 2788 534 2881 qualemcunque
559 2784 601 2858 ad
623 2787 719 2859 illam
741 2797 1008 2882 proponerem,
1033 2808 1112 2878 quae
1142 2785 1267 2870 aliquan

248 2885 299 2959 do
323 2881 396 2956 dari
427 2882 564 2974 poterit
589 2896 695 2974 atque
719 2884 831 2978 objici
856 2884 946 2974 illis,
978 2883 1038 2978 qui
1064 2883 1160 2957 illam
1181 2875 1266 2952 aduc

249 2983 381 3056 iterare
404 2978 496 3051 haud
521 2979 753 3072 erubescunt,
781 2997 824 3052 ut
846 2981 907 3073 ipsi
933 2983 1120 3076 perlegant
1142 2965 1267 3053 breviis

247 3101 324 3156 snas
348 3076 410 3149 has
438 3077 615 3171 pagellas,
645 3077 722 3148 illas
748 3077 995 3172 perpendant,
1030 3077 1182 3172 indeque
1204 3087 1266 3142 tou·

247 3178 453 3252 vincantur.
520 3172 710 3267 Propofito
737 3187 778 3248 ut
802 3175 947 3267 faveas,
983 3173 1024 3248 C.
1050 3173 1094 3247 L.
1118 3171 1169 3248 est
1195 3157 1268 3264 quod

248 3267 474 3370 perofficiose
501 3289 606 3365 rogo.

705 3411 740 3498 §.
791 3406 838 3480 ΙΙ.

340 3533 432 3614 Illud
460 3561 572 3637 genus
597 3542 808 3634 hominum,
845 3543 942 3636 quod
977 3542 1154 3637 saepiffirne
1183 3529 1266 3613 nobit

243 3635 376 3727 objicit
418 3637 650 3730 questionem
685 3641 778 3713 hanc
813 3641 1041 3714 tritiihnranr:
1090 3647 1152 3716 Cui
1186 3627 1266 3708 bom?

240 3734 322 3810 sunt
339 3735 548 3828 plerumque
566 3737 600 3810 dc
619 3739 798 3830 praecipue
819 3739 968 3828 pinques
991 3739 1186 3824 Minervae,
1207 3745 1262 3822 φῦ·

240 3833 308 3906 bus
334 3854 459 3905 verum
485 3832 582 3907 deest
611 3835 776 3924 iudiciuin
804 3834 840 3907 in
865 3829 1117 3924 obtuso,'nec
1144 3825 1261 3932 excusi?

237 3927 320 4004 satis
343 3930 503 4028 ingenio.
552 3931 777 4027 Proponittu
797 3932 870 4009 scil.
890 3934 1102 4028 plerumque
1124 3920 1260 4082 abaiulgt⁸
