2578 4770
255 267 332 349 174
546 251 716 331 MORBI
747 252 813 331 EX
842 251 1039 334 mum

256 442 461 528 augentur,
495 432 592 507 unde
620 432 934 528 Septentrionales
966 446 1104 528 vegeto
1138 435 1277 529 appetit

256 533 343 604 laeto
356 527 391 601 &
406 529 450 602 ad
466 531 617 626 negotia
634 529 693 605 sua
711 534 823 629 magis
840 545 970 626 parato
983 531 1130 624 anim0,
1158 555 1227 606 nec
1239 555 1277 607 no

254 629 394 704 robore
416 629 584 722 corporis
607 630 789 703 antestant
813 631 988 726 plurimos
1011 629 1202 705 Australes
1219 631 1277 704 alb

255 725 334 802 anti
360 724 427 799 soli
454 725 650 819 exposrtos.
701 719 759 800 Ex
781 727 879 804 dicto
903 727 1142 802 decremento
1170 724 1277 824 trausp

255 824 410 900 rationis
423 846 506 898 cum
520 822 594 896 sole
609 823 862 920 intelligimus:
891 847 1001 919 quare
1023 839 1203 919 quartana
1219 827 1277 898 lab

254 935 377 998 rantes
404 919 594 996 difficulter
618 937 789 996 curantur
809 935 895 997 ante
919 922 1110 1001 solstitium
1135 925 1277 1017 hyemali

253 1018 398 1097 facilius
417 1018 498 1113 post
517 1017 639 1092 idem?
671 1022 794 1124 Quare
809 1021 977 1114 phthisrci
996 1035 1080 1095 ante
1106 1023 1183 1096 hoc
1207 1019 1277 1095 solil

254 1121 349 1192 tium
376 1117 639 1212 utplurimum
667 1117 899 1192 moriantur?
980 1141 1067 1193 uare
1095 1119 1277 1215 podagrica

253 1215 465 1314 Apoplexia
487 1238 532 1288 eo
550 1229 716 1309 tempore
738 1214 970 1310 superveniat
1025 1218 1154 1322 Quare
1176 1213 1277 1290 exsuci

253 1314 291 1388 u
317 1315 448 1388 morbo
471 1311 649 1387 consumti
678 1310 800 1404 senes,
836 1336 881 1387 ex
906 1314 1005 1388 vivis
1037 1315 1238 1406 excedant,
1265 1335 1277 1384 u

253 1413 382 1509 frigori
396 1413 510 1505 majus
525 1413 638 1485 robur
655 1411 899 1486 conceditur?
928 1411 968 1484 N
970 1425 1075 1486 otatu
1085 1412 1140 1487 est
1153 1412 1277 1508 dignun

253 1510 400 1605 quando
435 1509 508 1582 hoc
540 1525 706 1604 tempore
739 1510 935 1601 videmus,
975 1511 1148 1585 homines
1184 1513 1277 1602 hycn

252 1609 384 1683 morbo
412 1608 646 1700 laborantes,
687 1609 722 1681 ἃ
751 1607 892 1681 viribus
922 1607 1143 1700 exhaustos,
1178 1607 1277 1700 sempe

252 1707 412 1803 rigorem
435 1705 626 1780 molestum
650 1705 803 1796 sentire,
834 1706 979 1800 quando
1010 1707 1149 1800 aliquid
1173 1707 1209 1780 in
1228 1713 1277 1777 air

250 1819 409 1879 externo
426 1817 608 1895 mutatur,
634 1804 721 1876 licet
734 1825 876 1877 camera
890 1803 1156 1900 diligentiffime
1174 1825 1235 1898 per
1249 1823 1277 1874 ca

252 1905 370 1978 lorem
391 1900 628 1976 domesticum
657 1914 787 1975 contra
807 1902 921 1997 frigus
953 1918 1147 1978 externum
1175 1898 1277 1976 munia

252 2013 332 2093 tur,
365 2015 407 2074 ut
428 2023 474 2074 ex
497 2001 550 2072 eis
575 1997 620 2072 de
646 1999 738 2072 a'e'ris
767 1999 986 2074 conditione
1013 2001 1123 2076 facile
1152 1999 1277 2094 judicnn

251 2098 440 2196 poffimus:
476 2098 697 2186 Perniones,
728 2097 891 2192 Podagra
912 2100 980 2172 &o
1007 2101 1092 2195 gelu
1118 2097 1277 2172 immineu

249 2196 476 2294 praesagiunt.
513 2195 805 2269 Exanthematici
819 2197 938 2268 morbi
956 2196 1068 2294 frigus
1080 2219 1161 2271 non
1174 2195 1277 2269 ferunt

251 2294 351 2388 quod
366 2295 463 2367 forte
479 2291 627 2366 credere
644 2292 754 2384 facit,
784 2292 923 2367 causam
937 2293 1006 2368 effe
1026 2295 1165 2368 vivam.
1213 2285 1277 2363 Mil

250 2391 447 2488 proposui,
481 2392 554 2465 hoc
579 2392 689 2482 loc0,
724 2391 949 2466 confiderare
985 2391 1189 2487 potiffimos
1213 2403 1276 2462 mor

250 2491 341 2582 bos,
376 2491 506 2584 quibus
528 2488 644 2564 nostri
667 2486 772 2563 Sueci
803 2505 1058 2584 exponuntur,
1083 2492 1172 2568 dum
1200 2483 1276 2560 vebo

247 2589 387 2664 mentia
409 2587 556 2686 frigoris
578 2589 663 2662 heic
688 2588 845 2661 maxime
865 2587 1047 2684 grassatur.

703 2771 738 2860 §-
790 2765 858 2840 111.

342 2876 635 2954 PERNIONES
668 2875 749 2952 sunt
779 2891 942 2955 tumores
981 2883 1062 2976 plus
1095 2879 1161 2953 vel
1189 2873 1275 2950 minu

246 2978 500 3072 inflammata,
525 2977 744 3073 prurientes,
770 2976 808 3050 in
828 2980 1119 3054 extremitatibus
1137 2981 1275 3053 manuun

249 3077 286 3152 ἃ
318 3077 473 3173 pedum,
510 3097 593 3149 cum
626 3074 882 3149 immobilitate
918 3079 1187 3166 membrorum,
1223 3081 1274 3172 qul

250 3175 442 3272 afficiunt,
480 3174 697 3267 conjuncti,
737 3193 758 3244 a
785 3172 922 3270 frigore
953 3175 1137 3249 interdum
1175 3167 1274 3258 malon

250 3271 592 3445 interduffnlminori
619 3269 893 3365 provenientes.
948 3275 1064 3348 Gurter
1083 3274 1172 3368 Syst.
1196 3267 1274 3341 Pru

251 3372 346 3454 Med.
414 3425 423 3441 .
457 3426 465 3442 .
490 3387 527 3466 p.
539 3391 573 3460 5.

344 3467 513 3562 Liquida,
538 3487 618 3562 quae
635 3479 774 3562 partem
792 3465 955 3542 affeilam
970 3467 1174 3556 tranfirent,
1197 3467 1273 3534 motu

241 3565 313 3644 suo
343 3567 537 3662 privantur
563 3567 668 3656 heic,
700 3564 744 3639 fit
760 3567 812 3639 'in
840 3579 943 3660 parte
975 3567 1201 3640 tuberculum
1224 3556 1273 3628 11⁰⁴

249 3665 399 3758 durum,
435 3661 652 3755 rubescens,
688 3661 954 3758 intumescens,
991 3663 1185 3760 pallescens
1215 3659 1273 3728 cun

246 3765 412 3862 pruritu3
440 3763 583 3836 silocus
602 3761 637 3835 ei
649 3760 775 3854 danu,
801 3774 841 3834 ut
855 3760 980 3836 fissurae
1000 3763 1180 3837 des1ccatae
1196 3753 1272 3854 finni

248 3864 374 3940 transit
394 3861 466 3936 hoc
491 3859 529 3935 in
552 3857 844 3934 coerulescentem
870 3863 1055 3952 colorem,
1082 3861 1216 3936 demum
1237 3863 1272 3919 1¹¹*

130 3989 135 3996 .
239 3961 380 4108 'gefelt
400 3979 485 4057 pers
509 3977 593 4044 cum
615 3957 889 4038 exulceratione
915 3959 1168 4060 &gangrena
1185 3957 1272 4128 5⁰02}
