2568 4764
225 211 314 360 2⁸72
344 231 566 339 nostran
597 231 942 336 rusrcronvm
969 255 1163 338 mona:

224 440 479 516 cherrimarurn
500 444 703 536 plantarum
723 440 892 520 iconibus
911 439 1200 530 delettabantur,
1222 441 1261 514 in·

225 554 281 613 ter
310 539 552 635 colligendum
581 541 732 630 herbas,
763 561 877 632 parva
899 537 1109 633 hujusmodi
1126 535 1280 610 ⁴animal-1

135 702 143 717 .
227 637 309 710 cula
334 635 489 709 floribus
506 637 693 712 insidentia
715 636 1057 710 animadverterent.
1108 634 1159 707 Hi
1174 655 1262 724 veru,

226 735 271 807 ad
289 734 555 822 conciliandam
576 735 724 830 pisturis
748 733 886 809 suiseo
912 735 1087 828 majorem
1116 731 1263 804 venusta·

224 845 320 922 cern,
346 845 509 906 naturam
531 832 684 924 imitati,
716 832 857 905 eximiis
882 831 961 904 illas
984 827 1264 925 praestantillimo·

224 952 305 1004 rum
323 929 552 1023 Papilionum
578 930 793 1026 imaginibus
822 939 1066 1018 exornarunt,
1092 927 1263 1020 inquibus

226 1040 393 1104 accurate
408 1028 599 1124 pingendis
620 1049 702 1102 curn
720 1027 832 1102 essent
849 1025 1043 1120 occupati,
1069 1045 1174 1098 nova
1192 1045 1264 1117 qua·

216 1127 310 1200 dam
331 1125 447 1197 indies
463 1126 498 1196 &
514 1127 705 1219 praecipua
718 1123 909 1199 observare
931 1135 1140 1216 coeperunt,
1167 1121 1266 1194 donec

227 1225 339 1318 pleno
359 1221 403 1294 ad
418 1223 490 1295 hoc
507 1222 661 1304 studium
678 1222 872 1298 colendum
889 1220 1018 1294 ardore
1035 1219 1267 1314 pertraherem

191 1352 198 1370 ι
227 1334 306 1394 tur:
341 1341 497 1412 quorum·
521 1323 737 1395 innumero
764 1319 845 1394 sunt
869 1315 1098 1408 ROBERT,
1128 1315 1263 1390 Hori-

228 1416 430 1510 NAGEL,
457 1415 732 1508 GOEDART,
759 1415 1023 1505 MERIANA,
1048 1411 1263 1487 scerwil-

229 1511 402 1605 TZIUS,
431 1513 672 1606 ALBlNUS‚
698 1513 915 1606 ROESEL,
944 1511 1123 1586 &ceteri
1281 1553 1282 1556 κ

327 1651 515 1744 Tandem,
540 1651 702 1726 inventis
720 1651 967 1751 lsicroscopr'is,
994 1673 1115 1724 rerum
1138 1652 1269 1724 'natum-

228 1755 318 1849 lium
339 1751 470 1848 periti,
495 1749 707 1844 propiorem
719 1750 770 1836 ,ad
791 1761 930 1824 nuturae
948 1769 1077 1824 arcana
1092 1747 1194 1844 nati}
1216 1748 1272 1820 adi·

229 1868 331 1942 tum,
363 1872 439 1941 quae
460 1845 577 1942 prisco
597 1847 734 1922 mundo
760 1846 895 1920 secreta
915 1845 1071 1940 &plane
1096 1845 1275 1942 incognita

229 1951 394 2039 fuerant,
422 1945 461 2028 in
489 1945 650 2038 apricum
673 1944 944 2040 produxerunt,
970 1965 1061 2036 nec,
1092 1955 1283 2038 antequam:

229 2041 378 2122 minima
400 2042 508 2116 etiam
536 2041 672 2135 quaevis
702 2040 905 2116 incredibili
929 2039 1074 2114 solertia
1095 2040 1275 2136 perlustra·

229 2151 382 2233 verant,
405 2137 629 2212 destiterunt.
670 2142 757 2244 Quo
774 2139 905 2212 fusium
922 2135 995 2230 est,
1022 2149 1063 2212 ut
1078 2137 1184 2212 retia
1197 2139 1275 2232 quali

229 2244 293 2322 via
316 2235 491 2314 clar‘illimi
517 2236 684 2312 homines
711 2237 755 2310 ad
782 2237 965 2310 seientiam
997 2237 1275 2329 amplexandam,

232 2363 309 2435 quae
327 2339 513 2428 hucusque
541 2336 621 2428 plus
645 2330 882 2424 curiositatis,
908 2355 1012 2426 quarn
1032 2333 1210 2410 utilitatis
1229 2333 1277 2408 ha·

230 2442 317 2513 bere
342 2434 417 2507 visa
439 2445 535 2524 erat,
561 2431 866 2526 perducerentur,
890 2431 1080 2524 inquibus
1108 2431 1198 2506 sunt
1214 2431 1277 2506 LE·

232 2530 531 2621 WENHOEK,
575 2529 890 2619 BONANNUS,
929 2527 1273 2618 VALISNERffit

231 2624 412 2722 HOOK,
435 2625 631 2722 JOBLOT
641 2678 654 2718 ,
680 2623 967 2718 NEEDHAM,
992 2640 1063 2699 cet.

326 2741 449 2815 Nemo
487 2755 608 2813 tarnen
641 2739 771 2812 horum
805 2739 967 2814 omnium
1001 2739 1279 2814 SWAMMER·

231 2838 370 2917 DAMI
396 2836 618 2933 diligentiam
644 2856 783 2929 aquare
801 2837 944 2930 potuit,
973 2838 1107 2932 quippe
1128 2831 1197 2936 qui
1218 2861 1279 2912 non

232 2955 307 3016 tarn
322 2937 366 3010 de
388 2948 536 3008 externa
562 2933 780 3007 Inseuorum
803 2933 919 3026 facie,
943 2957 1049 3029 quarn
1073 2936 1118 3008 de
1146 2937 1283 3010 interm

232 3034 397 3133 inprimis
421 3031 614 3122 stretona,
638 3032 736 3104 ferro
764 3033 972 3104 anatomico
995 3045 1167 3106 accurate
1194 3035 1282 3108 dete·

231 3135 370 3236 genda,
405 3130 578 3204 sollicitus
607 3129 688 3202 suit.
756 3127 825 3202 Cui
855 3128 1025 3204 immenso
1059 3130 1138 3204 fere
1172 3135 1259 3204 labo

233 3257 316 3310 curn
338 3244 457 3303 totum
482 3224 516 3299 se
537 3225 704 3317 dedisset,
730 3229 848 3300 crevit
868 3249 950 3300 cum
974 3227 1138 3302 inaudita
1165 3229 1274 3326 cogni

232 3335 336 3406 tione
353 3325 543 3400 admiratio
561 3324 654 3398 tanti
666 3324 751 3416 viri,
777 3327 878 3417 cujus
890 3326 1144 3419 perspicaciam
1162 3349 1284 3400 οιιιιι

233 3427 511 3502 venerabantur.
563 3422 623 3494 Ad
638 3419 747 3496 finem
765 3421 1004 3518 superioris&
1019 3422 1163 3496 initium
1183 3425 1284 3518 huju

232 3524 362 3610 seculi,
388 3519 621 3594 celeberrima
653 3521 798 3615 ingenia
831 3542 913 3593 cum
940 3520 1096 3613 reliquas
1128 3521 1284 3596 histori.

233 3621 406 3698 naturalis
432 3631 573 3712 partes,
608 3631 685 3690 tum
712 3618 805 3690 hune
833 3619 1015 3714 precipue
1045 3617 1275 3692 illustranda

233 3719 298 3796 sibi
325 3714 528 3789 sumserunt.

328 3831 525 3922 LISTER,
554 3831 684 3906 Gentis
707 3831 741 3904 dc
761 3835 875 3907 aetatis
894 3835 963 3910 suae
987 3837 1118 3930 decus,
1141 3835 1231 3909 aAr·
1258 3844 1280 3879 ·'

233 3937 273 4010 in
295 3931 429 4028 Augila
454 3930 741 4024 contemplandis
766 3933 920 4008 rnaxime
946 3934 1174 4032 invigilavit,
1207 3957 1281 4028 qua
