2568 4764
332 229 420 312 ctu
448 229 626 352 npuot
932 257 1004 332 asp

14 409 78 484 illan
92 411 235 488 noluo
258 411 440 504 exedunt,
463 413 589 488 &bec
606 411 692 488 dein
709 409 842 488 aurbus
863 407 1003 488 inscili-

13 507 81 580 vnris
94 507 161 582 esca
176 508 274 604 sunt,
296 531 375 604 quaa
395 531 443 586 ex
462 511 580 586 antica
602 509 807 586 immediate
823 509 858 586 se
873 509 1005 588 susten·

9 619 61 678 ure
84 607 272 701 nequirent.
349 611 479 684 Vermes
516 615 640 684 minimi
674 615 816 704 marici
826 661 840 698 ,
878 609 1007 702 illique

9 701 73 776 laud
87 705 202 798 pauci,
224 730 247 780 a
263 706 462 800 majoribus
486 705 753 804 deglutiuntur,
776 707 933 820 majores
951 707 1007 782 illi

9 799 78 874 cibus
95 799 164 876 sunt
183 803 339 900 piscibus
359 803 395 876 u
418 803 547 879 auibus
573 799 769 896 aquaticis,
792 803 916 898 ilquue
939 825 1007 878 no·

9 897 62 982 niu
88 913 203 993 prater
227 903 325 992 hoc,
362 901 461 996 quod
486 923 531 976 ex
560 901 616 975 his
643 903 783 997 plumas
814 901 1009 978 habeamus

10 997 98 1068 noles
117 997 149 1070 u
167 999 444 1093 calefacientes,
471 999 600 1094 quibus
624 1019 782 1092 corpora
810 997 934 1073 nostra
951 999 1008 1074 fo·

15 1109 66 1164 unu
89 1096 251 1170 novimus
287 1109 416 1170 contm
448 1111 616 1170 externas
660 1093 807 1190 quasvis
845 1095 1008 1190 injurias.

16 1185 69 1262 Diu
83 1193 194 1287 prius,
220 1215 327 1288 quam
347 1195 511 1288 exempla
529 1193 615 1268 mihi
635 1190 853 1284 deficerent,
878 1194 1009 1268 suenu-
1114 1209 1140 1260 a

15 1305 134 1364 aurarem
150 1291 374 1366 immediatas
395 1313 523 1366 omnes
547 1291 745 1380 utilitates,
776 1311 854 1384 quar
876 1303 1011 1364 morta·

11 1381 70 1458 ibus
91 1391 304 1487 contingunt
328 1412 374 1464 ex
401 1387 613 1464 animalibus
636 1401 745 1483 atque
766 1387 900 1483 plantis
923 1409 1010 1462 con·

10 1482 189 1582 tmnffimls,
213 1501 258 1562 ut
279 1488 392 1584 vulgo
415 1499 573 1583 putatur.

410 1671 446 1760 q.
493 1663 563 1740 vn
666 1729 669 1734 ,

71 1795 315 1870 roucurnrn,
341 1797 419 1872 quae
443 1800 465 1851 a
489 1777 638 1854 curriosns
667 1793 804 1855 namra
839 1779 1013 1856 scrutato·

9 1871 75 1945 niu
94 1873 127 1948 in
142 1875 268 1950 Musca
287 1897 408 1950 rerum
431 1875 647 1952 naturalium
670 1877 911 1975 colliguntur,
941 1899 1016 1954 una

9 1989 61 2042 mn
76 1975 216 2048 sortitis
232 1975 346 2070 longe
363 1971 581 2048 diversarum
607 1971 824 2068 specierum,
849 1975 953 2050 multi
972 1988 1017 2050 ut

9 2083 100 2142 unam
120 2071 362 2146 carriofitatem
387 2069 583 2164 estimant,
607 2071 701 2165 quasi
716 2093 785 2148 nac
801 2073 845 2148 ad
867 2072 1015 2147 alimen·

9 2173 75 2257 tun,
99 2189 164 2256 nec
196 2169 242 2242 ad
269 2169 485 2242 medicinam
514 2165 773 2260 inservientia;
808 2169 867 2246 sed
889 2169 914 2244 fi
937 2169 1016 2244 brec

10 2279 59 2334 nun
70 2265 224 2356 videres,
248 2287 354 2360 quam
368 2263 512 2339 infinite
524 2267 638 2338 multa
656 2267 891 2361 exoperibus
908 2265 1016 2340 Crea-

15 2361 164 2438 uasere
178 2363 339 2438 heroicis
354 2375 432 2436 turn
452 2361 521 2436 tibi
538 2357 651 2436 essent
667 2361 880 2460 incognitas
906 2363 1015 2468 Quis·

18 2471 65 2528 un
79 2458 152 2534 sana
169 2473 293 2536 mente
309 2459 480 2556 preditus
503 2461 542 2532 in
561 2457 836 2536 adamationem
861 2483 935 2534 non
960 2481 1016 2532 ra·
1122 2523 1126 2544 ,

13 2551 75 2640 niun
92 2559 303 2648 maximam,
327 2556 471 2652 quando
495 2555 626 2648 videt,
658 2555 810 2634 Natura
834 2551 1018 2654 Opificem

12 2661 56 2722 an
74 2653 255 2729 innrnnera
276 2653 494 2730 abscondisse
518 2653 660 2750 objecta
683 2656 722 2732 in
746 2655 870 2750 abyil'o
893 2653 1019 2748 maris,

9 2743 102 2856 ilique
125 2752 283 2826 maxime
309 2753 465 2828 mirabili
497 2749 787 2852 colore,s1gura
814 2751 849 2828 dr
875 2753 1020 2828 mecha*

9 2841 88 2920 ubo
109 2847 332 2942 construite,
357 2849 448 2924 adeo
466 2865 510 2924 ut
534 2873 581 2926 ne
597 2851 745 2926 unicum
762 2851 906 2946 quidem
926 2849 1020 2925 som·

9 2939 70 3016 nini
83 2949 367 3038 vaierethomo,
393 2948 459 3034 uisi
481 2949 542 3022 illa
558 2947 738 3044 adspicere
753 2949 894 3024 licinum
906 2945 1021 3022 effeti

9 3033 216 3120 srintroieria
241 3045 279 3120 in
302 3045 475 3120 Palatium
501 3047 680 3140 quoddam
702 3047 863 3144 regiano,
895 3047 1021 3138 ibique

9 3135 172 3231 suspexeris
203 3143 361 3239 parietes
395 3163 523 3218 ornnes
556 3143 809 3258 pretiosnffimia
844 3143 1020 3239 speculis,

9 3239 162 3334 spuriis,
193 3239 365 3336 pisturis,
394 3235 583 3335 sculpturrs
614 3241 766 3336 aliisque
794 3241 1022 3317 ornamentis

9 3345 145 3436 ¹umatus,
168 3359 293 3412 nonne
305 3337 592 3414 admiratione&
609 3337 875 3414 oblestamento
893 3351 1022 3433 captus

9 3427 65 3536 uie
86 3431 222 3508 fueris?
259 3434 400 3512 Eodem
422 3435 665 3510 modoetiam
687 3437 787 3533 globi
812 3435 918 3532 huJus
944 3435 1023 3532 puta

9 3528 187 3646 titudinem
219 3532 352 3606 intueri
393 3531 575 3608 debemus.
638 3531 800 3648 Tempta
832 3533 868 3608 u
898 3533 1026 3612 charta

9 3629 1027 3824 sstuunilltllslltrifissilis

9 3807 100 3912 iubet,
137 3821 295 3898 scilicet:
336 3845 498 3901 curans
531 3834 711 3920 murgiano
740 3831 854 3926 nudrrsa
879 3829 1022 3924 Rumpi·

9 3919 73 4009 ill·
91 3915 170 4011 fic.
206 3923 396 4020 Argenuus.
421 3939 516 4002 aar.
540 3921 626 4017 fils.
657 3926 925 4026 aucupum.
948 3937 1023 4100 MR·

873 4045 880 4058 ·
969 4041 991 4098 e
