2654 4762
266 241 342 345 sss
402 206 406 214 '
454 229 809 315 morannum
837 211 1132 318 norsmcns.

264 436 334 604 Eut
348 421 461 536 Bona
480 419 590 516 Spei,
620 419 938 513 conquisrv'erant,
965 419 1100 494 &ante
1117 413 1268 510 inscriptis
1297 509 1298 516 Ν

298 536 530 600 otanrcorum
556 518 659 594 suere
677 518 841 592 obscura.

361 673 525 738 rrttr'us
550 641 699 736 Hortum
728 659 828 734 suum
858 659 1018 756 Pisanum
1047 653 1120 728 edit
1143 649 1270 746 trapis

145 777 154 809 ⁸
265 777 339 857 quo
365 761 476 835 etiarn
492 759 604 834 vario
625 781 647 832 a
664 758 847 832 Michelio
865 753 1027 830 collei'tae
1050 753 1192 843 Planta,
1210 749 1268 830 iuter

264 859 421 955 reliquas
445 858 498 933 ibi
522 869 773 980 enumeratas,
795 852 1042 930 recensentur.

364 1014 541 1072 unsrun
576 989 708 1088 scripta
743 992 805 1069 sua
838 993 1019 1068 Botanica
1034 990 1037 994 ’
1054 991 1156 1067 edere
1185 985 1269 1082 incipit

265 1100 374 1193 1726.
408 1093 520 1186 inque
549 1089 606 1166 his
632 1091 816 1186 praecipue
843 1093 991 1168 necans
1023 1087 1101 1164 suas
1125 1090 1270 1184 plantarum
1299 1103 1300 1110 ’

263 1193 469 1284 rariorum,
499 1189 692 1280 inquibus
717 1203 865 1287 centum
892 1188 1030 1279 fenne,
1059 1189 1174 1263 minus
1191 1182 1270 1278 cogn·

263 1305 344 1386 tas,
370 1288 548 1384 imprimis
571 1308 618 1360 ex
637 1287 749 1362 horto
773 1285 974 1362 Chelseano
994 1283 1217 1383 depromptas,
1230 1279 1265 1354 u·

263 1389 395 1502 venies
426 1386 580 1482 herbas,
610 1406 699 1482 quas
724 1407 870 1480 quoque
897 1385 998 1462 vivis
1025 1383 1199 1460 coloribus
1214 1377 1264 1453 idl-

263 1498 405 1569 neavst.

272 1675 276 1682 -
362 1643 562 1699 noxarum
601 1625 773 1697 Censorias
805 1621 1012 1698 Plantarum
1050 1621 1159 1698 edere
1191 1619 1269 1711 incipit

270 1735 376 1821 1728.
404 1721 569 1814 Cumque
586 1719 714 1795 Petrus
734 1720 980 1813 Alexiewitz,
1008 1743 1158 1818 magnus
1172 1715 1274 1791 illeliu-

266 1825 464 1898 thenorum
496 1819 721 1912 Imperator,
753 1816 914 1893 scientiis
943 1820 1053 1893 etiam
1080 1821 1196 1894 favere
1218 1810 1278 1887 risu

266 1923 332 2014 fit,
357 1919 454 1992 hunc
475 1915 740 1992 anbaumium
762 1916 801 1990 in
818 1917 1012 1994 Orientem
1029 1918 1164 2007 mittit,
1184 1915 1279 2010 panus
1299 1939 1300 1978 ;

266 2019 426 2092 rariores
461 2014 734 2108 inquisiturum,
774 2015 837 2088 ubi
867 2016 1012 2110 quidem
1047 2017 1176 2091 mrums
1202 2011 1281 2086 sinn

267 2113 602 2212 cognitas‘invenit
627 2112 779 2202 herbas,
804 2115 997 2207 pauciores
1021 2129 1146 2188 tamen
1166 2107 1284 2204 collegit,

268 2236 376 2309 quam
409 2211 563 2287 occasio.
588 2209 785 2304 colligendi
816 2212 851 2284 ei
879 2209 1182 2300 subministiavit3
1214 2205 1285 2282 muti·

266 2313 341 2386 lata
365 2312 444 2404 eJ'us
473 2306 827 2401 fuerespecimina,
843 2309 879 2382 dc
901 2307 1164 2404 descriptiones
1190 2309 1285 2382 incon

266 2411 388 2509 pletas.
439 2405 484 2482 In
499 2406 555 2480 his
570 2419 693 2482 tamen
711 2406 841 2482 malms
863 2406 1030 2484 invenies
1047 2409 1200 2504 plantas,
1218 2415 1287 2478 anus

230 2549 242 2580 a
268 2520 425 2607 ignotas.

366 2647 622 2716 strennuus,
661 2624 700 2698 in
729 2621 857 2698 Novis
887 2621 1100 2728 Plantarum
1144 2623 1290 2704 Gneus

268 2721 549 2816 oculatissimus,
575 2723 760 2816 ingentem
785 2721 862 2795 vim
884 2722 1116 2798 minimarum
1133 2726 1291 2819 plantarum

267 2819 461 2918 proposuit
475 2811 630 2919 (1729.)
647 2841 740 2914 qua,
765 2842 835 2914 qua
849 2820 1040 2894 maximam
1057 2836 1211 2916 partem,
1229 2816 1294 2913 prio

267 2941 348 2994 rum
374 2918 633 3013 perspicaciam
667 2916 851 3015 effugere,
880 2919 1098 3012 easdemque
1123 2919 1300 3002 delineatam

268 3016 314 3092 ad
333 3015 393 3092 sua
409 3017 558 3092 reduxit
580 3037 732 3114 genera:
757 3015 798 3089 N
800 3037 851 3088 on
876 3016 1020 3109 quidem
1043 3009 1295 3115 negandumel,

267 3113 490 3209 Austorem,
520 3117 560 3190 ln
585 3115 659 3189 hoc
684 3113 748 3188 suo
780 3133 915 3206 opere,
947 3116 1078 3188 multas
1110 3117 1262 3208 etiamp
1299 3153 1300 3180 ³

266 3212 422 3311 posuisse
440 3215 662 3304 varietates,
685 3211 770 3287 inde
787 3224 908 3287 tamen
924 3212 1015 3286 nihil
1032 3213 1181 3288 decedit
1196 3212 1236 3288 de
1249 3227 1296 3306 pn

266 3313 324 3386 tio
346 3313 454 3406 huJus
472 3312 618 3407 operis,
646 3311 745 3405 quod
764 3311 862 3384 enim
881 3312 994 3384 multa
1019 3311 1207 3405 depromit
1228 3295 1300 3405 plns

267 3432 371 3486 nova
398 3410 670 3505 experimenta,
704 3407 980 3500 microscopicis
1017 3405 1276 3484 observationib

266 3505 449 3599 stabilita,
480 3507 610 3602 quibus
633 3506 767 3596 flores,
797 3507 973 3600 imprimis
1002 3529 1094 3580 vero
1117 3507 1297 3588 Lichenu

268 3626 353 3780 {um
378 3603 448 3680 suis
469 3605 657 3702 affinibus,
682 3605 870 3680 anemine
894 3618 979 3678 ante
1003 3627 1087 3682 eum
1112 3605 1242 3683 observ

294 3701 421 3778 etexit

366 3839 608 3894 esrasamus
658 3821 859 3897 Historiam
898 3819 1115 3898 Naturalem
1160 3825 1292 3902 θανών

103 3891 127 3934 ’Ζ
267 3939 363 4017 (lpus
394 3917 557 4017 iugentia
589 3920 728 4022 pretii,
766 3920 808 4003 in
831 3921 954 4002 lucem
978 3919 1093 4000 edidit
1120 3944 1215 4020 1731
1226 3945 1300 4094 {m

1209 4042 1232 4118 P
1273 4064 1300 4118 *a
