2572 4756
171 231 437 318 tauncutn
466 229 820 316 austerorum
941 253 1012 338 ³¹9

18 417 154 514 defunto,
171 422 211 496 in
232 419 419 518 perplures
438 419 642 516 papriiones
662 421 899 495 versicolores
923 439 1013 492 evo·

17 519 143 611 irntejus
156 517 314 614 pupuie,
338 533 416 592 turn
433 519 493 592 illa
510 519 547 592 in
562 517 738 614 lacrymas
753 517 868 592 soluta
885 537 1013 612 paren·

17 615 211 707 uhunarrat,
227 615 443 690 malitiosum
459 617 637 708 quendam
653 617 805 714 pupulas
815 617 892 708 ejus
907 613 1014 688 sustu·

16 709 400 808 tte,errmnque10co
433 709 638 808 papiliones
671 713 778 788 hosce
809 709 1011 806 reposuiffe.

15 805 118 883 tuo
128 811 225 904 hujus
240 809 417 886 facinoris
433 811 657 904 exatiiiiime,
679 810 738 884 sed
753 809 895 900 frustra,
920 829 1015 902 quu-

16 905 326 1002 stamparum
349 909 407 982 eis
436 911 622 984 occultum
648 921 746 1002 erat,
782 907 876 982 hauc
904 917 1016 980 meta·

17 1005 174 1097 morphoiin
197 1005 265 1081 effe
288 1007 500 1082 normann.

82 1119 241 1221 dignaro
266 1123 409 1199 cuidam
432 1127 591 1201 Ptazaeno
609 1123 758 1199 Laraam
779 1120 1017 1198 monstramus

23 1217 74 1290 ianr
89 1221 178 1296 craffa
201 1219 527 1312 circumvestitam,
553 1219 653 1294 XVI.
681 1221 832 1318 pedibus
859 1221 896 1293 in
922 1235 1019 1296 terra

21 1331 177 1411 repentem,
212 1321 297 1394 dein
326 1322 395 1398 hac
428 1319 523 1416 pelle
560 1333 694 1412 curua,
737 1319 890 1392 formam
931 1315 1018 1392 affu-

18 1427 129 1488 nentcn
142 1418 307 1514 Pupulae,
332 1417 405 1492 fine
421 1417 572 1514 pedibus
598 1417 772 1512 aliterque
792 1415 1019 1510 personatam

19 1513 203 1600 punemenr
223 1513 428 1612 quiescere,
454 1513 625 1608 vesteque
642 1515 710 1590 hac
731 1515 872 1588 demum
894 1527 1018 1605 exuta,

18 1605 182 1687 discolorem
215 1613 413 1710 provolare
448 1611 674 1705 Phalaenam,
711 1611 771 1688 sex
801 1609 1020 1707 pedibus&

18 1719 129 1794 qutuor
146 1711 228 1786 alis:
253 1711 466 1786 miraculum
487 1709 721 1786 monstratum
745 1721 860 1803 putat

81 1825 208 1902 turcum
237 1851 380 1906 vermes
405 1830 614 1904 innumeros
642 1825 834 1922 inspiciens
863 1829 901 1904 in
927 1851 1020 1923 aqua

16 1915 153 2014 stagnatur
170 1927 398 2020 habitantes,
425 1927 460 2000 dr
480 1923 523 1998 ad
542 1921 764 2018 superficiem
782 1947 881 2018 aquae
906 1927 1021 2002 cauda

16 2017 186 2114 pendentes;
223 2025 371 2098 tandem
400 2023 517 2098 forma
547 2035 792 2114 commutata,
831 2024 1019 2118 incapite

15 2111 64 2186 duo
86 2139 209 2194 cornua
245 2123 412 2196 mutilata
445 2121 626 2208 ferentes,
665 2119 794 2214 quibus
824 2119 1021 2214 resupinati

18 2229 83 2302 tque
93 2213 284 2312 superficiei
304 2219 506 2310 adherent,
529 2217 684 2309 denique
701 2217 739 2290 in
754 2217 888 2290 culices
906 2233 1020 2292 nans·

18 2313 124 2402 arud,
146 2319 206 2412 qui
229 2319 270 2391 in
293 2339 384 2414 aqua
407 2317 536 2392 vivere
562 2327 769 2408 nequeunt:
794 2315 927 2412 pariter
954 2315 1021 2392 mi·

20 2409 167 2488 nodosum
192 2413 384 2490 existimat.

83 2531 266 2612 isermiculos
287 2534 367 2630 casei
391 2531 495 2608 multi
513 2528 709 2622 mirantur,
733 2529 866 2604 &inde
884 2551 1023 2606 novam

18 2625 193 2706 creationem
225 2645 289 2706 aut
317 2629 590 2726 generationem
626 2629 852 2720 equivocam
887 2629 1020 2704 elicere

17 2737 172 2822 tonantur,
205 2729 303 2824 quast
326 2729 446 2804 caseus
472 2723 690 2822 putrefatius
712 2726 752 2802 in
772 2747 913 2804 vermes
938 2749 1020 2804 ver·

15 2819 122 2908 iretur.
167 2827 275 2918 Parte
298 2847 389 2900 vero
412 2825 504 2900 casei
520 2845 601 2899 curn
617 2825 825 2902 vermiculis
842 2825 880 2900 in
896 2824 1019 2899 vascu-

14 2907 37 2983 lo
52 2917 148 2996 clauso
171 2925 311 3020 potita,
340 2923 435 2998 intra
457 2923 570 2998 breve
591 2923 766 3016 temporis
790 2921 940 3016 spatium
967 2923 1021 2996 ibi

12 3015 154 3102 reperient
184 3021 324 3116 Muscas
351 3037 466 3118 putres
500 3021 539 3096 in
568 3018 779 3094 humoribus
810 3019 1020 3114 putrefactis

12 3123 178 3193 communes
211 3109 566 3216 (Fn.8u.1110.)‚
599 3137 677 3208 qua
705 3117 814 3192 etiam
844 3117 883 3190 in
914 3115 1018 3190 caseo

11 3219 60 3374 a?
73 3209 308 3312 suaposuere,
334 3237 448 3312 eaque
468 3215 552 3290 dein
567 3214 871 3310 metamorphosrn
893 3213 932 3290 in
953 3214 1020 3288 iilo

52 3327 120 3385 rere.
1010 3343 1016 3370 =

22 3509 28 3524 ,
78 3423 129 3502 De
150 3429 361 3506 Hortulano
377 3428 563 3506 historiam
580 3427 685 3504 Nob.
708 3427 910 3526 Reaumur,
937 3425 1024 3508 Gal-

12 3509 172 3630 lffdecus,
196 3527 335 3620 adfert,
360 3527 423 3622 qui
443 3529 589 3602 hortum
612 3526 756 3602 fodiens
773 3529 949 3620 plurimos
969 3530 1025 3606 in·

11 3625 83 3692 tenu
105 3631 304 3700 emmaus
337 3623 428 3700 adeo
456 3623 610 3700 mirifice
640 3627 889 3718 convolutos,
917 3640 960 3701 ut
983 3632 1025 3704 vi

11 3720 127 3814 audi
153 3719 322 3797 exstiuffe
355 3745 537 3818 nunquam
571 3723 758 3818 imaginari
791 3723 927 3818 poss‘et,
957 3747 1024 3820 po·

10 3809 58 3900 ,uu
81 3817 222 3894 credens
250 3819 346 3917 sagas
369 3813 432 3894 irel
454 3821 615 3896 aniculas
640 3819 809 3914 quasdam
837 3819 1023 3904 veneficas

15 3909 192 4002 rneficum
208 3917 307 4012 hoc,
335 3917 389 3994 ad
402 3918 575 4016 predium
598 3917 788 3998 incolasve
811 3919 1021 4090 prediidlae-

956 4036 1018 4096 OE·
