2568 4764
287 225 690 312 RHABARBARUM.
946 247 1018 321 erc

56 409 109 582 logi
138 409 298 582 baillrsssd}s
321 406 605 486 canescentibus.
673 403 759 482 Pilia
793 402 1019 502 breviffimis,

55 531 81 582 se
109 531 191 598 ispa
228 531 239 580 i
300 557 310 582 t
665 548 668 559 '

82 603 116 694 l)
134 605 239 681 Foliis
275 603 716 695 immundo-cordatis,
748 602 812 680 vix
840 604 1020 682 rmdulntit

119 704 238 780 &iare
250 699 388 799 planis,
413 725 433 776 a
454 701 530 780 finu
546 701 670 776 baseos
694 699 738 783 ad
751 701 891 792 apicem
907 725 1023 798 equa·

121 801 207 876 libus
237 799 467 898 longitudine
493 799 686 891 loborum,
718 799 872 894 glabris,
896 799 1020 876 viridi·

118 901 197 992 bus,
221 897 389 994 adspcrfis
414 899 527 992 poris.
944 898 947 906 ⁴

26 993 186 1082 afletlolis
211 993 333 1072 subtus
356 997 553 1090 aequalilns
578 993 911 1072 &virescentium

85 1090 114 1180 l)
136 1094 283 1168 Petiolis
308 1090 429 1197 firbtus
457 1091 620 1184 sulcatis,
647 1093 779 1168 rubris.

31 1185 205 1278 ellmicola
233 1191 419 1288 oblonga,
443 1191 590 1265 ramulis
617 1189 838 1265 divaricatis.

83 1287 115 1378 l)
138 1291 306 1364 Panicula
327 1287 543 1379 rotundatu,
568 1287 715 1364 ramulis
736 1287 924 1369 consertis.

25 1383 236 1472 olsorollulis
263 1387 298 1459 u
322 1385 508 1480 pedicellis
535 1383 674 1463 albidis.

84 1483 117 1570 ll
138 1483 336 1560 Corollulis
362 1483 398 1558 dt
421 1482 608 1578 pcdlcellit
633 1482 765 1558 niveis.

75 1623 128 1696 llis
163 1621 286 1716 itaque
331 1617 594 1702 characterum
634 1615 726 1710 juste
766 1615 1024 1698 discernuntur.

27 1717 108 1792 boba
134 1733 307 1814 praeterca
335 1717 492 1812 plantae,
521 1735 631 1807 vere,
670 1713 765 1790 circa
795 1711 903 1790 finem
934 1719 1029 1814 Maii

29 1819 202 1908 geminant,
237 1817 372 1890 florent
401 1835 483 1888 cum
512 1810 638 1904 Malo,
672 1809 888 1908 Epimedio‚
927 1817 1027 1913 Juni-

30 1935 95 2004 peu,
122 1913 265 1989 Paeonia
286 1911 457 2006 fimplici;
484 1907 541 1984 sed
564 1909 835 1984 Rhabarbarum
855 1911 1027 2008 lllrapon·

27 2009 105 2095 tiross
128 2012 254 2086 diebus
283 2009 414 2098 serius,
452 2005 677 2102 nouumque
715 2007 815 2084 suum
840 2007 878 2085 in
906 2012 1029 2088 medlo

25 2105 80 2198 lolii
96 2125 268 2186 namrum
291 2107 508 2204 producunt.
858 2169 861 2176 .

227 2297 777 2381 PHARMACEUTICA.

86 2443 112 2532 5.
132 2435 240 2514 Vlll.
291 2435 561 2512 Rbabtrbarum
588 2435 684 2532 apud
707 2459 776 2511 nos
801 2435 863 2514 sub
889 2437 951 2514 dio
975 2437 1032 2514 vi·

28 2545 74 2624 ret,
90 2537 238 2610 maxime
260 2537 299 2610 in
314 2535 417 2608 'terra
442 2535 632 2632 argillacca
648 2531 803 2628 crescit,
834 2535 869 2611 dt
893 2537 1033 2614 nostrat

23 2625 117 2706 lienes
144 2635 282 2730 perfert
310 2633 372 2707 vel
398 2629 654 2729 frigidernum
678 2654 752 2728 ouo
777 2633 934 2710 adultior
955 2637 1034 2711 hac

23 2727 167 2824 radixest,
191 2755 237 2805 eo
257 2729 333 2804 usui
354 2729 500 2809 medico
518 2729 661 2825 aptior,
688 2751 805 2824 eoque
831 2733 979 2808 certiori
994 2733 1034 2808 vi

20 2825 116 2914 pudet
139 2831 175 2906 in
206 2851 339 2924 corpus
364 2827 515 2926 agendi,
550 2827 707 2924 ideoque
736 2827 779 2902 ad
806 2829 903 2906 usum
930 2831 1034 2926 phar.

20 2929 223 3002 nareuticum
240 2926 341 3002 radix
357 2925 505 3002 minime
525 2921 695 3017 sumitur,
719 2947 797 3019 quae
813 2951 889 3004 uon
907 2929 1033 3006 decem

20 3037 105 3096 annos
126 3025 175 3102 est
198 3041 294 3100 nata.
344 3024 463 3100 Radix
486 3019 559 3118 ipsa
576 3023 638 3098 vel
661 3022 770 3112 initio
793 3025 921 3100 hiemis
939 3039 1035 3100 terra

19 3135 73 3192 non
93 3123 170 3198 dum
185 3123 321 3238 frigore
339 3135 527 3212 concreta,
551 3121 612 3196 vel
628 3121 748 3216 primo
768 3143 857 3196 vere
873 3145 953 3198 cum
973 3121 1036 3198 fri·

19 3233 64 3308 gut
87 3237 289 3314 evanuerit,
315 3219 509 3310 effodimus,
535 3215 574 3295 in
594 3217 704 3293 frusta
732 3219 907 3296 dividitur
925 3221 958 3294 dr
975 3219 1036 3294 de·

20 3316 209 3412 corticano,
236 3319 274 3394 in
290 3315 444 3394 mensam
458 3317 649 3410 reponitur
661 3315 696 3390 u
708 3339 773 3413 per
786 3331 859 3392 tres
873 3319 933 3392 vel
951 3339 1037 3414 qua·

19 3418 82 3484 tuor
96 3413 169 3490 dies
182 3417 410 3507 revolvitur,
435 3429 476 3490 ut
499 3414 622 3489 succus
641 3411 707 3488 fiat
725 3414 964 3490 condensatus
982 3416 1037 3492 in·

19 3511 214 3604 uaradicem
238 3513 364 3610 postea
383 3513 609 3610 perforatur,
633 3509 698 3586 filo
714 3511 869 3606 quodam
882 3513 1039 3592 adnecti.

18 3611 77 3696 tur,
99 3609 183 3686 &in
201 3612 312 3688 domo
330 3611 448 3706 aliqua
466 3609 528 3684 vel
547 3607 635 3683 loco
657 3631 874 3704 quocunque
892 3615 1036 3687 umbro·

19 3695 47 3768 io
67 3705 103 3776 ad
123 3707 412 3784 torrefaeionem
437 3705 669 3802 suspenditur.
694 3707 769 3780 vid.
796 3707 925 3802 Bomoi
945 3711 1035 3785 mor.

21 3797 137 3878 dirum
161 3813 284 3899 1656:
312 3807 406 3882 Aliis
432 3827 514 3881 mos
544 3802 615 3898 cst,
645 3803 803 3880 radicem
829 3807 959 3904 argillae
982 3805 1035 3878 in·

20 3893 160 3996 cludere,
181 3905 345 3982 foramen
371 3927 438 4003 per
462 3899 614 3980 eandem
640 3901 760 3980 fecere
792 3890 1040 4002 magnitudine

910 4013 1038 4095 penne
