2572 4756
268 238 337 325 380
449 215 799 298 rucaurmum
826 153 1123 298 rornmcrs.
1275 209 1277 252 ⁴

268 419 512 482 carsasrruus
544 400 738 476 interiores
773 400 950 478 soutandi
988 399 1128 475 naturae'
1148 395 1260 474 recessu

264 496 565 599 perspicaciffimis
584 499 762 596 gaudebat
775 500 913 591 oculis,
939 498 1029 572 adeo
1044 512 1086 572 ut
1099 519 1170 570 eum
1185 517 1261 570 nem
1276 489 1277 540 ff

264 598 422 674 aemulari
459 595 632 689 potuerit.
704 595 846 670 Eodem
877 597 954 670 fere
984 602 1143 690 tempore
1171 616 1262 668 nouo

262 717 404 787 umus,
449 716 671 786 Losnrrus,
717 717 1056 785 oniscrmmrrus,
1098 713 1262 767 Tantaru-

263 815 488 870 mourauus
511 789 767 866 notissimarum
786 792 943 886 Europae
966 792 1161 885 plantarum
1173 786 1263 884 figuras

263 891 524 981 confecerunt,
555 911 633 982 quae
662 889 832 963 &hodie
858 890 1021 982 omnium
1041 887 1193 962 manibus
1211 885 1263 956 vol·

262 1002 410 1064 vuntur.
461 1005 620 1066 onustus
645 987 740 1062 inter
764 988 833 1062 hos
854 987 1010 1080 eminet,
1039 985 1102 1081 qui
1122 987 1184 1058 late
1198 979 1262 1056 mt-

261 1089 351 1161 tutis
385 1085 596 1175 itineribus,
627 1085 812 1182 diligentia
842 1083 1003 1176 infinita,
1041 1085 1173 1178 plantas
1196 1080 1263 1152 inre

261 1185 428 1281 stigavit,
465 1205 534 1256 nec
559 1183 693 1256 minori
721 1181 792 1256 fide
822 1181 964 1255 easdem
994 1179 1183 1276 proposuit
1220 1197 1262 1246 co·

261 1306 428 1374 Lunum,
454 1281 616 1354 omnium
647 1281 907 1353 Botanicorum
933 1281 1090 1373 primus,
1122 1275 1259 1370 &figuras

260 1382 410 1477 propria
434 1401 541 1452 manu
560 1389 727 1452 accurate
751 1378 966 1474 depingere,
993 1376 1027 1449 ἃ
1048 1377 1148 1449 simul
1165 1371 1257 1445 eadm

261 1501 331 1553 aere
354 1478 513 1550 incidere
532 1489 710 1566 noverat,
736 1475 1000 1566 tantamque-in
1018 1475 1150 1568 plantis
1166 1487 1259 1543 arcun·

259 1589 298 1650 te
323 1573 563 1647 describendis
592 1572 757 1645 adhibuit
780 1594 924 1663 curam,
956 1586 1127 1665 quantam
1153 1583 1256 1660 usqum

260 1669 419 1762 Clusrus,
451 1670 495 1743 ad
521 1669 663 1742 easdem
695 1669 912 1764 indagandas
939 1667 1150 1743 &dilucide
1172 1681 1257 1761 prope

258 1769 409 1860 nendas,
476 1765 748 1839 Praestantiffimi
780 1767 833 1838 illi
864 1767 992 1839 fratres
1026 1789 1116 1862 Jorr.
1143 1765 1173 1836 dr
1196 1781 1259 1833 cru.

260 1885 438 1942 esuriam
464 1863 548 1936 huic
573 1863 728 1936 scientiae
753 1864 918 1936 summam
943 1863 1186 1938 austoritatem
1208 1877 1263 1929 cor·

258 1964 451 2054 ciliarunt,
480 1961 563 2034 dum
582 1961 643 2033 ille
661 1961 699 2035 in
719 1963 868 2052 Historia
887 1959 948 2034 suo
968 1963 1171 2058 Universasr',
1193 1953 1262 2030 facile

256 2062 383 2136 omnia
405 2083 425 2132 a
446 2059 709 2132 reformatione
739 2059 924 2132 literarum
950 2057 1112 2150 deteoa,
1136 2058 1265 2132 inuam

258 2157 443 2233 contraxit
469 2179 583 2251 opus,
609 2155 643 2227 dc
666 2156 725 2228 hic
749 2155 786 2228 in
812 2159 932 2230 Pinare
954 2153 1041 2248 suo,
1072 2149 1277 2238 omninalle

257 2255 467 2425 tunicor*
491 2254 661 2344 nomina,
688 2253 724 2326 in
747 2252 881 2346 species
903 2251 979 2325 siras
1004 2253 1212 2349 redigendo,
1229 2247 1265 2344 bt·

255 2353 429 2446 bylonica
488 2351 583 2446 quasi
609 2349 856 2426 consufionem
884 2351 1110 2424 removebat.
1156 2349 1207 2420 Sic
1225 2363 1276 2428 ne

255 2450 426 2524 biliffimae
451 2451 557 2540 huius
591 2448 676 2522 artis
706 2448 814 2542 periti
839 2448 979 2542 apicem
1007 2448 1118 2522 etiam
1139 2447 1206 2541 ejus
1223 2435 1266 2548 ses

255 2547 407 2641 attigisse
428 2547 679 2637 crediderunt,
704 2543 850 2620 undel&
866 2567 942 2618 eam
960 2547 1008 2618 ob
1025 2545 1191 2634 caussam,
1210 2539 1267 2612 vin·

252 2645 322 2718 bus
343 2647 438 2738 quasi
460 2642 641 2736 exhausti,
667 2665 732 2738 per
755 2644 900 2737 aliquod
925 2656 1067 2740 tempus
1093 2644 1267 2717 obmutuere

253 2741 435 2818 Botanici.

354 2952 375 2992 ⁴*
401 2947 629 3032 EPOCHA
666 2947 1196 3068 SYSTEMATICORUM.

340 3103 419 3177 Sub
449 3102 556 3178 initio
588 3123 751 3178 rsarrre
783 3127 950 3179 erocum
985 3107 1084 3182 lente
1112 3099 1267 3180 admodum

177 3228 181 3237 ·
250 3201 542 3300 procedebatur3
586 3223 775 3274 suunrrus
812 3203 909 3278 enim
943 3207 1048 3278 1612.
1086 3225 1162 3278 our
1193 3203 1266 3272 1612.

251 3319 445 3376 assuerus
470 3305 573 3373 1612.
602 3299 915 3374 &rsucnovrus
943 3300 1028 3373 solis
1054 3299 1175 3396 figuris
1196 3305 1272 3370 erant

249 3397 428 3472 contenti.
481 3417 651 3472 aceruus
671 3395 789 3485 filius,
814 3400 955 3491 plantas
978 3399 1155 3490 rariores,
1179 3387 1271 3485 impr'e

248 3496 317 3571 mis
336 3495 546 3587 Cretenses,
572 3517 592 3567 a
609 3505 712 3588 patre
731 3493 946 3588 descriptas,
973 3495 1012 3569 in
1028 3497 1147 3570 lucem
1162 3505 1271 3583 mutum

247 3593 434 3689 produxit.
509 3612 727 3698 usurarius
765 3615 897 3685 paucas
934 3594 1075 3687 plantas
1109 3585 1270 3680 descripsi

245 3713 441 3782 ‘cartunque
460 3688 590 3786 figuras
607 3686 811 3782 speciminis
835 3689 965 3782 instar,
993 3688 1168 3783 depinxit
1205 3703 1270 3785 eom

246 3809 379 3861 murus
406 3810 522 3861 novas
551 3786 719 3880 quasdam
743 3787 879 3880 species
901 3809 946 3860 ex
970 3786 1142 3861 America
1162 3784 1269 3890 septem

246 3886 396 3962 trionali
420 3883 625 3981 depromsit.
684 3905 932 3962 msacouavs
956 3906 1080 3962 amore
1105 3884 1269 4042 Botaucg

1225 3995 1242 4068 P
