2578 4770
256 267 328 352 164
535 247 701 326 MORBI
731 249 799 327 EX
828 251 1024 331 HYEME.

253 427 416 512 instrudi
449 425 530 502 sunt
564 427 790 506 vestimentis
825 433 860 506 a
893 435 1110 508 exercitatio
1145 455 1278 530 corpor

254 531 419 622 accedit,
447 526 641 620 seduloque
671 543 800 602 curant
820 554 866 604 ne
889 533 1227 624 calefactilabore,
1251 555 1278 628 pr

254 632 406 708 subitam
434 627 696 717 mutationem,
733 651 810 720 quae
830 627 972 702 sanitati
990 629 1127 725 semper
1153 631 1278 704 inimic

254 729 525 823 refrigerentur.
578 723 691 798 Fiunt
712 726 880 800 homines
908 725 1003 820 sani,
1027 729 1083 802 his
1098 727 1278 802 observati

253 829 392 922 frigore
415 829 588 896 alacriores
620 823 657 895 in
690 822 757 895 suis
788 826 968 921 negotiis,
994 831 1058 900 cibi
1080 829 1198 920 majus
1225 849 1278 898 acc

253 927 363 1024 piunt
388 920 621 1012 desiderium,
651 918 850 996 &suavius
879 935 1051 1017 tempore.
1079 923 1201 998 noetis
1237 924 1278 995 do

254 1025 383 1098 miunt.
436 1017 597 1090 Torneae
617 1018 691 1090 Ato
717 1024 811 1112 1736
829 1021 978 1122 fluidum
995 1023 1033 1095 in
1051 1023 1278 1095 thermomeo

254 1119 473 1197 Florentino
501 1114 545 1187 ad
566 1136 610 1209 73
626 1138 706 1211 gn,
735 1133 926 1191 numerato
952 1121 996 1192 ab
1023 1143 1123 1212 aquae
1149 1119 1278 1214 congel

254 1221 379 1306 tione,
406 1213 726 1306 deprimebatur&
746 1227 867 1288 tamen
891 1217 1058 1290 homines
1083 1216 1160 1292 sani
1187 1216 1222 1290 se
1239 1239 1278 1288 m(

254 1330 385 1390 ventes
420 1313 471 1386 ibi
505 1313 600 1384 bene
633 1313 757 1384 valere
785 1328 997 1406 potuerunt.
1068 1314 1163 1388 Non
1195 1313 1278 1386 omni

255 1411 425 1488 animalia
453 1409 607 1481 eundem
629 1409 776 1504 gradum
802 1411 947 1506 frigoris
969 1413 1102 1486 ferunt.
1158 1411 1278 1486 Gravia

255 1516 414 1608 algorem
441 1507 629 1602 patiuntur
655 1507 822 1580 animalia
848 1510 987 1585 viribus
1015 1510 1188 1586 exhausta
1212 1507 1278 1582 &fr

253 1633 312 1686 me
344 1606 573 1693 laborantia3
622 1604 707 1678 hinc
746 1617 930 1700 nunquam
961 1607 1126 1682 videmus
1161 1606 1278 1682 Pallen

253 1712 385 1802 hyeme
406 1704 526 1792 mori,
551 1703 614 1775 nisr
637 1703 851 1795 praecellerit
876 1728 917 1777 ea
945 1705 1086 1795 inedia,
1111 1721 1156 1778 ut
1180 1719 1278 1778 ventr

254 1809 357 1880 culus
381 1824 507 1876 eorum
534 1801 618 1873 cibo
648 1823 785 1874 vacuus
811 1803 874 1891 srt3
912 1803 1000 1875 Ideo
1023 1803 1061 1876 in
1083 1803 1148 1876 usu
1172 1823 1278 1898 quoqu

253 1903 306 1977 est
322 1899 634 1995 proficiscentibus
653 1899 805 1991 hyeme,
832 1899 1045 1988 sufficienter
1064 1901 1188 1994 edere,
1206 1901 1235 1973 d
1250 1899 1265 1972 f
1276 1925 1278 1968 4

253 2000 371 2099 gidam
411 1997 639 2086 cerevisiam,
677 2020 755 2088 quae
782 1999 861 2090 plus
895 2021 1000 2090 quam
1033 1999 1158 2092 tepida
1188 1997 1278 2072 calcia

254 2100 326 2188 cit,
350 2096 487 2169 bibere.
540 2095 641 2166 Male
666 2109 786 2166 autem
806 2096 932 2168 valent
953 2095 1005 2168 illi
1025 2098 1109 2192 gelu
1129 2096 1278 2170 saevientt

253 2197 314 2292 qui
341 2195 494 2268 delicate
529 2192 722 2279 vixerunt3
756 2215 890 2286 corpus
916 2192 1038 2267 insana
1063 2195 1213 2270 veneris
1237 2187 1278 2264 du

252 2295 381 2370 cedine
400 2291 656 2376 debilitarunt3
685 2313 784 2383 aquae
804 2295 912 2364 colidae
928 2307 1063 2388 potum,
1090 2294 1154 2385 qui
1174 2315 1194 2365 a
1211 2287 1278 2362 Tu

250 2415 388 2470 nomen
415 2391 546 2480 habet,
572 2387 678 2460 nimis
709 2403 893 2476 amarunt3
923 2389 1211 2482 Melancholici,
1234 2386 1277 2476 Hy

250 2491 388 2570 stericae
408 2488 442 2561 &
464 2487 547 2577 alii,
571 2486 709 2558 morbis
736 2486 942 2576 chronicis,
968 2488 1190 2562 laborantes.
1237 2483 1277 2556 Pu

249 2614 315 2666 nas
342 2585 556 2659 temeritatis
581 2581 648 2654 sure
673 2585 779 2656 luunt
802 2583 871 2656 iter
896 2583 1072 2658 facientes
1100 2586 1138 2659 in
1164 2585 1277 2678 frigora

251 2683 398 2782 quando
423 2681 562 2773 liquido
591 2679 656 2752 illo
686 2680 790 2776 igne,
822 2689 898 2755 vino
921 2685 1097 2778 combusto,
1134 2671 1277 2756 validel

250 2783 371 2866 subito
403 2779 448 2851 ad
480 2780 639 2850 calorem
673 2793 812 2873 cogunt
849 2793 1039 2870 naturam;
1076 2791 1277 2876 praetcrqnm

253 2881 372 2970 enim,
400 2876 499 2972 quod
525 2875 664 2970 sanguis
686 2878 772 2949 hinc
797 2891 902 2970 aptus
922 2877 1091 2951 reddatur
1116 2880 1161 2952 ad
1185 2889 1277 3042 coapl

251 2979 417 3066 tionem,
445 2973 556 3047 solida
579 2971 787 3065 durescant,
818 2973 939 3070 (quod
956 2998 1001 3048 ex
1015 2977 1230 3072 corporibus
1252 2965 1277 3061 pi

250 3076 338 3152 ritui
360 3073 440 3148 vini
470 3071 639 3144 immerfis
668 3064 911 3165 experimon)
930 3071 964 3144 &
986 3073 1138 3168 Polypis
1161 3075 1196 3146 in
1221 3064 1277 3139 uasa

249 3171 461 3270 sanguiferis
481 3169 694 3264 generandis
718 3170 859 3242 occasio
881 3170 1006 3261 detur,
1032 3172 1222 3245 debilitant
1243 3165 1276 3234 itt

250 3271 524 3366 &refrigerant
549 3265 630 3360 post
656 3267 791 3356 breve,
819 3269 986 3360 corporis
1015 3270 1135 3361 vires,
1163 3281 1203 3342 ut
1225 3255 1276 3336 hui

249 3369 346 3450 hosti
372 3379 527 3441 externo
554 3365 698 3436 obicem
726 3385 866 3458 ponere
891 3387 968 3438 non
996 3369 1157 3442 valeant.

702 3549 736 3635 s.
788 3541 875 3616 vu.

350 3662 511 3778 Quando
526 3661 639 3756 frigus
653 3662 813 3736 nostram
836 3665 975 3758 plagam
994 3661 1149 3756 invadit,
1168 3661 1275 3758 sequen

253 3777 328 3836 tem
351 3761 519 3832 videmus
546 3759 582 3832 in
609 3773 737 3832 natura
766 3763 1084 3854 metamorphosin.
1151 3761 1203 3834 Ut
1228 3753 1276 3824 flul

252 3863 337 3935 dum
367 3861 404 3932 in
437 3858 700 3930 thermometro
735 3858 778 3929 ad
813 3880 856 3950 32
888 3858 983 3952 grad.
1018 3857 1211 3952 depreffum
1237 3841 1276 3954 eli

252 3957 384 4057 incipit
418 3952 569 4062 AQUA
606 3953 827 4052 conglaciari
857 3954 893 4028 bc
918 3954 1106 4052 cry'riullos
1143 3947 1230 4122 qupsr

253 4065 261 4074 .
1205 4063 1242 4140 up

1258 3947 1276 4006 u

1244 4053 1275 4110 il*
