2680 4770
271 300 319 380 at
489 261 797 370 onsuacuua
828 284 1114 368 mentetua,

318 517 326 534 .
354 484 435 542 rem,
459 485 522 545 quo
547 485 604 542 pro
622 467 766 549 Hyperica
789 463 963 546 perforata,
993 467 1077 538 cuiue
1097 469 1148 527 vie
1169 468 1322 530 volomus

270 605 274 614 ,
355 552 528 623 resolvent,
549 548 579 610 dt
600 547 860 624 anrbelmintlriea,
883 548 1003 610 sumitur
1023 545 1271 631 quadrangulare.

371 757 405 831 9.
432 721 640 806 Medicorum
670 735 851 823 ignorantia
880 737 914 805 io
939 731 1104 804 Boiauicis
1115 781 1127 818 ,
1165 735 1218 803 vel
1241 737 1322 803 iruu-

274 841 329 908 ria
341 838 376 905 iu
391 830 605 928 improbandis
623 829 666 915 Β
687 832 887 903 eliminandis
906 831 1099 916 inutilibus,
1115 829 1265 924 spuriis,
1290 829 1322 914 ὃ

272 926 394 1027 'ineptis
416 929 634 1025 succidaneis.

315 1080 385 1142 lloc
403 1080 521 1154 quidem
538 1091 623 1137 antee
637 1076 793 1138 obtinuisse
815 1077 1010 1150 suspicantur,
1028 1074 1086 1151 jum
1105 1093 1183 1136 nunc
1201 1078 1229 1136 ln
1252 1093 1322 1139 tanti

354 1163 511 1220 botanicer
533 1160 600 1218 luce
620 1160 742 1218 meliora
767 1159 880 1230 sperare
894 1158 946 1240 iae
970 1158 1018 1220 eli.
1069 1157 1200 1217 Acmella
1221 1159 1250 1216 ln
1273 1161 1322 1220 cel-

355 1243 427 1302 culo
447 1243 570 1311 eximie,
602 1254 668 1298 euro
696 1240 832 1299 etrifflmr
852 1239 886 1297 stt
907 1239 935 1298 dt
954 1238 1107 1308 emilina,
1140 1241 1271 1311 eligenda
1291 1239 1322 1300 ei

356 1321 478 1396 exejus
508 1321 718 1394 familiaribus,
749 1334 818 1396 qua
843 1321 960 1379 vicibus
984 1318 1046 1390 eius
1075 1319 1212 1386 irrogatur
1275 1321 1322 1380 ilu

355 1419 431 1463 uero
460 1402 589 1460 delediue
619 1419 696 1474 opus
725 1398 859 1460 Botanici
890 1400 938 1464 eii.
1002 1395 1200 1478 Quamobrem
1233 1417 1322 1474 gener:

355 1482 485 1544 humano
507 1481 685 1558 gratificatur
710 1484 750 1540 est
773 1482 808 1542 N.
834 1481 869 1540 Ι),
898 1481 1023 1550 Praesee‚
1061 1480 1241 1540 notificando
1269 1482 1322 1542 Sie-

353 1560 559 1657 gegdetkiam,
585 1577 690 1635 utpote
715 1565 899 1635 proximum,
926 1563 1002 1620 reue
1030 1561 1159 1620 substitui
1182 1560 1322 1634 Acraella,

357 1645 440 1718 quod
468 1647 608 1714 deinceps
635 1643 823 1703 confirmavit
848 1644 883 1704 D.
912 1643 948 1700 D.
976 1657 1190 1713 uassuuonrsu
1217 1645 1322 1712 erueri·

356 1740 478 1798 ruento,
501 1727 530 1783 in
556 1723 666 1797 iuvene
689 1725 840 1783 calculoso
862 1724 911 1782 hic
933 1723 1061 1795 Upsaliae
1086 1723 1227 1786 instituto.
1270 1724 1322 1782 Ar.

355 1806 470 1879 nicam,
489 1820 581 1880 ¹tueque
595 1821 627 1863 oc
647 1805 823 1865 Deianiram
842 1803 896 1864 elle
917 1806 1023 1863 veneni
1044 1801 1206 1874 suspicione
1225 1817 1322 1862 notin

358 1886 445 1955 dam,
476 1886 542 1944 facil
591 1885 733 1956 iudicabit
755 1886 911 1944 llotenices
938 1902 1064 1960 gnarus,
1096 1887 1145 1943 illa
1170 1901 1264 1942 temen
1287 1887 1322 1942 in

356 1969 447 2027 noxie
475 1983 527 2040 per
553 1969 747 2026 inurentium
773 1968 816 2025 rel
847 1970 996 2025 botanicae
1024 1964 1123 2024 habire
1150 1965 1228 2038 fuir,
1263 1966 1322 2024 lieu

355 2047 417 2108 hoc
436 2049 542 2106 veneni
568 2045 770 2111 inimolatum.
815 2045 907 2105 Bellis
923 2048 1014 2106 minor
1032 2044 1135 2105 frustra
1158 2046 1219 2104 iere
1236 2063 1322 2122 magn

357 2128 411 2200 dt,
446 2130 486 2186 ob
510 2128 702 2200 praestentitnr
728 2128 854 2197 virium,
889 2142 956 2201 quae
981 2128 1024 2185 ilii
1049 2125 1134 2185 inelle
1162 2127 1322 2186 creduntur‘

358 2210 561 2278 Rormarinunr
573 2204 741 2288 sylvestrem
763 2207 1006 2278 praesentissimum
1028 2205 1082 2264 elle
1104 2208 1140 2268 ad
1160 2207 1257 2266 Tuiltn
1279 2205 1322 2265 Fe<

355 2289 448 2350 rinam
478 2290 638 2358 auxilium,
671 2291 720 2347 viu
748 2289 906 2374 ignoscent
932 2288 1071 2360 Prtilici,
1101 2288 1150 2354 nii
1175 2293 1225 2362 qui
1253 2288 1322 2348 fimu

355 2370 511 2440 Botanici,
541 2368 623 2444 qnod
644 2385 740 2429 temen
763 2371 940 2443 comprobat
964 2369 1056 2428 hodie
1080 2369 1141 2446 ejus
1161 2367 1322 2444 Welirogo

356 2450 416 2512 thie
437 2450 679 2526 irequenrillmus
702 2453 730 2510 in
748 2447 808 2509 hoc
824 2451 929 2510 morbo
948 2450 1025 2509 usus.
1069 2445 1190 2526 Meliffa
1213 2450 1322 2510 Turrim

355 2533 387 2594 in
411 2531 537 2593 officiolo
558 2530 706 2602 servatur,
732 2533 867 2606 quemvis
893 2533 988 2590 multo
1011 2531 1138 2588 debilior
1156 2530 1322 2589 Cenerrenfi

282 2647 284 2655 ι
357 2627 427 2688 quae
448 2611 625 2672 excluditur.
683 2607 852 2692 saxifraga
874 2608 1038 2671 dealba&
1059 2607 1169 2681 rubra,
1198 2615 1322 2686 quemvis

355 2708 459 2753 neutra
481 2692 672 2751 memorabile
697 2693 767 2764 quid
786 2693 938 2764 preestirit,
969 2696 1067 2752 lucum
1089 2705 1183 2750 temen
1209 2705 1322 2767 uniqm

354 2775 432 2833 inter
455 2773 612 2832 officinalia
640 2773 763 2832 obtinet.
810 2770 1065 2832 Mrcdaaearrnalrr
1088 2790 1155 2831 roro
1182 2774 1322 2832 adhibeor

354 2868 389 2914 ut
408 2853 493 2913 nimie
521 2852 667 2924 debilem,
697 2868 764 2911 curn
788 2867 851 2925 urae
878 2855 960 2923 aliie,
991 2853 1025 2910 ad
1049 2854 1217 2928 purgandos
1240 2855 1322 2914 insen

354 2947 401 2994 tet
419 2934 528 2994 idonee
546 2931 588 2995 stt.
643 2932 765 3012 Bairyor
789 2929 908 2993 d'erbam
928 2951 962 2992 ex
988 2934 1134 3003 Euronaea
1161 2938 1260 3008 plener
1284 2937 1322 2992 de

354 3015 494 3088 sumunt,
524 3029 610 3089 quern
632 3029 667 3072 eu
695 3013 871 3074 Americarra
896 3016 1028 3085 recipere
1049 3012 1079 3074 dt
1101 3017 1179 3074 odor
1200 3017 1229 3076 dt
1250 3017 1322 3086 sepo

354 3095 497 3166 suadente
518 3093 658 3170 fiquidem
681 3095 825 3163 optimum
848 3095 884 3153 ed
903 3095 1027 3166 uhrbistn
1053 3098 1191 3154 auxilium
1224 3097 1322 3156 deiide

353 3190 429 3239 rant.
481 3172 587 3237 Rideat
605 3175 683 3254 nigri
703 3175 794 3233 herba
818 3172 974 3247 &stipites
1000 3179 1145 3235 laudabile
1162 3178 1197 3234 ed
1219 3177 1322 3252 hydro

353 3249 495 3334 phebiim
516 3255 544 3315 bt
563 3254 755 3330 dysenteriam
785 3255 936 3328 febrilem,
965 3261 1147 3331 morbosque
1178 3263 1322 3332 contagio

354 3339 402 3399 soe
420 3341 495 3398 alios
519 3337 680 3398 remedium
702 3336 879 3411 negligitur,
901 3353 967 3396 eum
989 3338 1026 3395 de
1046 3340 1159 3397 uiribus
1179 3338 1243 3412 ejus
1264 3338 1322 3398 nihi

354 3420 507 3478 memoriae
536 3432 658 3477 veteree.
689 3417 897 3489 prodiderint,
924 3434 996 3494 quer
1024 3419 1148 3479 ollamus
1171 3419 1261 3480 facile
1282 3424 1322 3480 ob

354 3501 471 3572 servet,
489 3499 587 3575 gustui
608 3514 669 3557 non
692 3500 773 3564 item.

375 3701 429 3752 10.
467 3679 555 3774 Usus
590 3678 899 3752 Medicamentnrum
933 3679 1180 3776 tmnpofiiorum.
1233 3679 1322 3752 Scili

273 3790 334 3854 eet
361 3799 443 3850 cum
470 3775 643 3868 fimplicia
666 3775 834 3849 ruriffinre
866 3777 1125 3870 adhibeantur,
1161 3776 1204 3852 fit
1225 3793 1269 3850 ut
1295 3799 1322 3848 at

274 3875 528 3970 cognitionem
572 3872 707 3975 virium
747 3876 951 3968 plantarum
992 3897 1064 3968 ope
1102 3877 1322 3970 experientie

274 3995 353 4052 nou
379 3972 583 4064 veniamus.
