2572 4756
243 223 315 314 354
502 195 650 280 NOXA
680 194 1030 278 INSECTORUM.

241 376 501 465 PHALAENA
509 378 654 477 secallna
674 379 774 474 (Au.
792 383 917 455 stockh.
939 401 1042 474 1752.
1063 373 1248 478 p.6'r-'66.)

289 478 422 570 cpullut
438 477 730 553 numerofiffirnas
754 477 836 550 istas
845 481 957 576 spicas
978 481 1151 572 olbefierrres
1167 480 1195 552 it
1203 483 1249 575 fle·

220 579 254 588 ’“
285 583 364 653 rues
387 581 527 672 seculis,
565 577 666 669 cujus
696 575 750 649 rei
779 581 840 648 aer
870 575 977 649 nimis
1003 576 1144 672 frigidus
1169 581 1250 673 vulgo

290 675 492 764 incusatum
532 672 571 746 in
598 673 665 750 hac
699 685 818 746 autem
843 674 1021 762 Phalaron,
1060 675 1250 748 culmontd

290 773 445 870 primum
472 770 662 843 articulum
697 769 919 863 derodente,
958 773 1099 866 culpam
1125 772 1250 862 refidut,

290 871 440 968 pulchre
466 867 547 941 satis
571 867 646 942 Dn.
674 887 890 942 nonnunen
915 867 954 942 in
977 870 1055 959 Ait.
1080 871 1188 944 sucu.
1205 875 1249 944 lc.
1275 903 1276 962 p

252 997 256 1003 ·
292 965 566 1043 demonstravit
1275 975 1276 1034 t

244 1107 420 1184 MUSCA
460 1108 536 1194 Erit
570 1107 679 1203 (Au.
708 1109 833 1186 Stockh.
865 1127 971 1201 1750.
1005 1115 1136 1204 p.182·
1168 1091 1252 1194 nu.)

295 1207 458 1300 quintam
485 1206 594 1278 nobis
625 1209 733 1280 hordei
754 1217 891 1298 partem
916 1205 960 1277 ad
983 1203 1164 1278 minimum
1180 1209 1250 1292 quot·
1275 1211 1276 1214 ’

295 1304 399 1379 annis
427 1298 620 1394 subtrah'u,
654 1303 772 1374 &vel
795 1315 941 1376 centurn
964 1301 1078 1374 millia
1105 1313 1247 1372 tonnrnun
1275 1321 1276 1328 ¹

293 1403 390 1475 illius
416 1401 587 1473 frumenti
609 1400 650 1474 in
678 1398 850 1496 granariis
880 1397 1098 1494 suffuratur,
1124 1387 1247 1490 quodi).

293 1499 423 1572 Praeos
447 1499 469 1569 l.
487 1521 520 1571 c.
545 1497 694 1571 detexit.
733 1499 734 1502 ’

250 1632 481 1725 GRYLLUS
511 1641 693 1728 apricorius
723 1633 748 1728 (
757 1635 819 1708 Fu.
847 1635 940 1707 Suet.
964 1625 1079 1719 628.)
1110 1622 1253 1704 devastate

288 1737 419 1830 pratis,
444 1731 483 1804 in
500 1755 593 1828 agros
605 1731 685 1826 pari
700 1731 904 1805 voracitate
918 1739 1108 1826 properat.
1125 1727 1184 1823 (lt.
1192 1724 1254 1822 [tu.

290 1823 491 1940 aru>-
703 1965 846 2062 uxr.

347 2105 485 2181 Plantas
510 2109 621 2180 uarias
648 2105 683 2178 δι
707 2106 849 2204 Inserta,
877 2128 953 2200 quae
976 2091 1106 2182 has'in
1133 2104 1224 2203 pratis
1239 2101 1262 2175 t

248 2203 347 2280 'stluis
374 2203 610 2291 consumunt,
634 2201 758 2276 srheic
782 2223 991 2277 enumerare
1016 2227 1168 2279 conarer
1185 2205 1276 2295 unp-¹

250 2305 306 2390 la,
341 2303 379 2384 in
408 2321 572 2394 campum
602 2299 824 2392 dimitterer,
858 2323 962 2394 quern
988 2325 1067 2376 non
1094 2303 1202 2390 horis,
1224 2297 1263 2370 fed

250 2399 399 2490 diebus,
430 2421 507 2472 non
531 2398 699 2493 pagellis,
728 2397 787 2471 sed
815 2399 1064 2474 voluminibus
1098 2401 1180 2473 mihi
1201 2415 1276 2490 opust

250 2497 357 2586 ellat,
392 2509 433 2582 ut
464 2495 605 2569 emetiri
639 2495 784 2589 poliem.
853 2495 937 2570 Nec
968 2497 1194 2572 neceilariunr
1216 2475 1276 2568 hoel

251 2591 359 2683 duxi,
394 2615 502 2686 quum
537 2593 705 2666 omnibus
737 2593 900 2686 constet,
943 2617 1012 2688 qua
1051 2595 1211 2669 industria
1231 2589 1266 2664 l).

249 2695 450 2764 nonsrtrn
475 2692 514 2764 in
532 2691 664 2788 Hospit.
688 2691 799 2788 Iaseit.
826 2693 879 2766 Fl.
907 2692 968 2765 illa
992 2715 1110 2788 nuper
1134 2689 1267 2786 exposta·

251 2786 323 2877 rit,
347 2811 424 2881 qum
445 2789 482 2862 in
498 2787 567 2862 suis
582 2811 731 2882 quaeque
748 2790 918 2864 vietitant
931 2791 1089 2884 plantis,
1113 2805 1269 2880 earumque

251 2884 343 2972 adeo
370 2887 409 2960 in
434 2887 632 2980 perniciem
663 2887 888 2962 incumbunt.
940 2891 1064 2993 Quum
1094 2901 1208 2964 tamen
1227 2883 1269 2956 ali·

251 2982 337 3076 quid
361 2984 505 3074 dixilie,
532 3007 636 3076 quarn
659 2985 804 3090 tapriile
827 2984 989 3080 prestet,
1021 2987 1144 3061 obiter
1165 2999 1270 3060 tantun

250 3084 451 3156 exercitum
482 3083 578 3156 hunc
613 3081 793 3175 lustrabo,
833 3105 910 3175 quae
941 3083 1120 3160 PRATIS
1149 3083 1270 3160 maxine

250 3177 419 3270 damnosa
441 3181 543 3270 sunt,
575 3179 614 3254 in
639 3180 707 3252 hac
730 3185 764 3272 §.
792 3181 1045 3276 designaturus.

250 3363 483 3448 GRYLLUS
516 3381 723 3468 migratorius
758 3375 782 3468 (
784 3375 908 3471 Frisch.
936 3378 1044 3453 Germ.
1057 3401 1092 3474 9.
1121 3394 1158 3474 p.
1168 3382 1199 3450 6.
1221 3387 1239 3448 t.
1250 3389 1269 3443 1.

291 3470 395 3570 μ.)
413 3485 497 3546 ante
510 3473 684 3565 plurimos
702 3474 774 3564 jam
796 3495 911 3546 annos
929 3497 949 3546 e
965 3470 1116 3548 Talaria
1141 3491 1271 3569 promn-

291 3589 387 3662 pens
412 3572 567 3665 Magna,
596 3593 660 3662 per
685 3583 800 3642 totam
830 3569 907 3644 fere
931 3571 1116 3666 Europam
1146 3565 1271 3646 erudera

297 3688 395 3742 arrna
422 3668 665 3756 circumtulit,
696 3666 895 3760 miseriam,
925 3690 1137 3762 quacunque
1162 3661 1276 3742 calami-t

296 3775 372 3838 tate
394 3765 483 3855 alia,
517 3769 690 3860 majorem
719 3766 928 3840 excitantia.
979 3767 1110 3842 Tantis
1132 3769 1221 3842 onim
1242 3760 1276 3832 iu*

293 3863 368 3939 ruit
383 3862 524 3958 copiis,
550 3877 593 3939 ut
616 3861 722 3939 densa
743 3864 838 3957 quast
855 3863 954 3941 nube
974 3863 1196 4036 prospetturp
1211 3877 1271 3934 ocu·
