2568 4764
255 251 324 328 228
580 222 984 310 RHABARBAR'UM.

150 461 154 466 ·
257 419 302 498 ad
332 413 471 493 dimidii
505 412 705 488 cochlearis
731 411 929 487 mensuram
953 407 1133 507 exhibita,
1158 411 1266 492 acidun

257 524 296 596 in
315 514 439 613 primis
460 511 532 584 viis
557 511 678 602 tollit,
711 507 860 604 systema
881 508 1052 584 fibrosum
1075 514 1267 606 corroborat,

256 619 292 693 dt
314 629 357 690 ut
378 601 579 701 viscerale,
615 606 752 682 viscera
784 608 943 681 mundat.
1012 608 1221 684 Hermannus
1240 613 1268 686 in

255 711 394 809 Lapide
414 706 477 782 suo
500 706 621 801 Lydio
644 706 814 780 Animam
839 705 1084 799 Rhabarbari,
1105 719 1146 782 ut
1165 703 1267 802 spetil-

257 834 340 890 cum
366 805 627 895 Gonorrhoeae,
654 801 894 877 commendat.

352 939 579 1018 HECTICA
601 945 740 1038 puerilis
766 940 976 1034 Sydeatlami,
1008 940 1121 1016 Febris
1145 945 1267 1016 hmoh

251 1044 383 1142 fontum
411 1038 577 1140 thnkart',
615 1037 763 1112 morbus
786 1035 838 1110 est
864 1037 1043 1129 infantes,
1081 1058 1189 1131 usque
1211 1039 1268 1112 dun

258 1143 393 1237 septem
413 1137 474 1210 vel
500 1133 584 1209 ooo
606 1157 721 1208 annos
737 1135 997 1229 impleverint,
1022 1133 1208 1226 invadens,
1227 1159 1268 1230 pet

160 1311 165 1318 „
256 1241 364 1315 unius
389 1237 450 1309 vel
477 1233 633 1328 plurium
661 1231 830 1306 mensium
862 1234 1052 1328 intervalla
1078 1229 1166 1328 saepe
1188 1235 1266 1308 redit:

259 1338 376 1412 oritur
405 1351 485 1406 cum
506 1329 716 1420 Diarrhoea,
742 1324 831 1422 saepe
858 1330 1035 1403 viridibus
1053 1329 1261 1420 excrementi,

258 1435 388 1510 &cunr
411 1423 603 1503 abdomine
620 1425 773 1516 tumid0,
792 1428 835 1500 ab
861 1427 980 1516 acido,
1003 1429 1059 1501 lac
1080 1430 1172 1522 apud
1187 1429 1263 1502 insan

258 1547 315 1608 tes
346 1549 515 1605 mammas
545 1525 696 1599 nutricis
726 1523 911 1620 sugentes,
937 1525 1043 1598 valde
1068 1529 1266 1624 coagulante3

136 1689 147 1704 .,
258 1631 371 1708 febris
393 1625 567 1700 continua
585 1624 666 1696 heic
682 1621 799 1713 adest,
826 1645 903 1716 quae
917 1637 989 1698 tam
1007 1622 1089 1717 post
1104 1625 1265 1718 prandium,

259 1750 365 1824 quam
391 1745 548 1810 coenam,
580 1719 681 1815 pulsu
707 1719 817 1792 celeri
843 1723 1096 1812 exacerbatur,
1130 1722 1266 1817 adpetitas

261 1823 460 1912 amittitur,
492 1840 623 1912 corpus
654 1817 746 1891 febri
781 1831 1017 1910 extenuatur,
1045 1817 1270 1894 maceratur&

260 1923 314 1996 ita
344 1918 523 1993 imbecille
553 1915 697 2002 evadit,
730 1929 772 1988 ut
801 1915 952 2008 pedibus
980 1916 1045 1989 vix
1069 1917 1139 1990 niti
1165 1915 1266 2012 poffint

259 2017 496 2095 Ventriculus
527 2013 751 2104 intumescit,
785 2033 866 2084 cum
898 2009 1121 2106 superiorum
1153 2015 1270 2109 partin

259 2135 423 2194 marcore
449 2113 484 2186 dt
507 2110 583 2184 tulli
616 2112 717 2184 sicca.
781 2109 823 2182 In
856 2111 928 2182 boc
953 2111 1083 2185 morbo
1113 2111 1266 2200 exornet,

260 2212 456 2290 Glandnlas
486 2207 696 2304 Mesenterii
724 2205 825 2282 fuisse
851 2207 1026 2301 tumidas,
1058 2209 1270 2285 intestinam

261 2313 462 2399 flammata,
493 2305 687 2380 Pulmones
716 2318 909 2400 corruptos
932 2307 1183 2402 comperimus.
1225 2303 1270 2380 Hit

259 2411 408 2488 morbus
432 2406 470 2480 in
497 2403 694 2477 infantibus
722 2404 858 2496 oritur,
885 2425 931 2476 ex
954 2405 1051 2478 nima
1074 2403 1167 2480 acidi
1186 2423 1269 2479 rone

259 2507 379 2584 stione
405 2501 529 2577 matris
549 2500 584 2573 dt
608 2500 752 2592 quiete,
779 2499 816 2573 in
843 2501 963 2594 pueris
988 2525 1078 2576 vero
1105 2504 1269 2599 partinet

258 2603 375 2682 nimio
401 2601 504 2691 otio,
537 2595 668 2692 partim
698 2598 805 2672 etiam
834 2597 878 2671 ab
908 2600 1150 2676 evacautione
1179 2597 1269 2694 capitia

259 2701 415 2778 cessante
437 2719 502 2793 per
524 2693 775 2787 Ptyalilinum,
803 2693 984 2789 Coryzam
1009 2699 1069 2770 vel
1090 2699 1269 2794 fluxumra

258 2801 358 2898 pitis.
422 2795 539 2870 Nullo
575 2795 707 2866 morbo
743 2791 867 2887 saepius
903 2791 1158 2870 conflictantur
1187 2791 1261 2891 pu‘

259 2899 433 2990 nulloque
457 2892 530 2965 alio
548 2891 667 2984 plures
685 2911 811 2964 eorum
829 2889 1123 2986 exstingnuntur,
1148 2891 1263 2986 ercep'

258 2994 423 3070 variolis.
474 2986 644 3062 Nobiliss.
672 2986 722 3061 D.
746 2987 796 3064 D.
825 2987 1016 3062 PRAESES
1044 3011 1184 3066 mecum
1206 3013 1240 3064 co

259 3087 482 3180 municavit,
514 3084 548 3159 se
569 3086 650 3178 plus
667 3107 772 3178 quam
792 3085 930 3158 centies
960 3087 1148 3181 reperisse,
1171 3089 1234 3164 null

259 3190 560 3266 medicamentum
593 3183 636 3255 ad
664 3183 735 3256 huc
764 3184 930 3256 morbum
960 3186 1160 3262 tollendum
1184 3187 1234 3260 val

259 3288 332 3361 tius
354 3283 424 3358 else
443 3281 577 3355 Anima
594 3279 688 3353 Rhei
712 3279 881 3354 Dracbm.
904 3302 997 3371 una,
1022 3283 1045 3356 fi
1067 3307 1134 3377 per
1152 3285 1221 3359 dies
1235 3279 1268 3354 ali

261 3395 365 3478 quot,
388 3401 471 3454 cum
486 3378 598 3452 febris
616 3377 766 3468 incidit,
792 3376 908 3450 statim
930 3380 1154 3456 exhibeatur.
1201 3381 1268 3454 ideo

260 3501 332 3574 que
360 3481 454 3552 inter
479 3475 653 3571 ’primaria
682 3472 847 3570 specifica
880 3476 961 3550 heic
998 3479 1151 3555 omnino
1185 3497 1268 3564 nunt

260 3575 331 3652 rari
359 3572 507 3669 poterit.

343 3703 401 3819 'In
434 3703 633 3818 PHTHISI
670 3707 870 3802 incipiente
906 3708 1101 3786 identidem
1139 3709 1268 3884 Arum}

258 3799 353 3876 Rhea
384 3805 551 3877 omnibus
578 3805 883 3880 commendamus.
944 3809 1085 3885 Multos
1118 3813 1248 3898 enirnq

255 3899 387 3996 phthisi
412 3897 599 3999 desperata
627 3903 793 3982 laborare
821 3904 1074 4007 crederentur,
1110 3905 1268 4074 Rheiffl
