2680 4770
251 292 303 369 ῃ,
520 263 743 404 renarra
785 269 1042 350 nranron

252 455 342 546 elle,
372 451 526 548 primunr
553 464 693 524 motum
719 451 1047 548 seminis'faciens,
1074 455 1315 532 Needhanrio

157 567 163 580 ‘
252 554 459 641 crederem,
493 548 558 623 nist
591 547 726 642 species
766 552 927 642 hybridae
964 555 1171 627 animalium
1211 555 1318 629 aliud

250 652 460 738 suaderent,
487 670 564 741 quae
589 647 633 719 ad
654 649 920 722 snnilitudinem
942 675 1018 725 non
1033 652 1146 730 solorn
1167 655 1319 746 nratn's,

251 771 381 826 verum
407 746 516 818 ctianr
541 745 653 838 patris
679 746 868 819 accedunt.

260 943 265 951 ,
348 865 469 966 Cardo
494 865 694 959 argumenti
713 887 780 958 pro
803 863 1000 940 statuendis
1028 865 1160 960 plantis
1186 864 1321 959 hybri-

253 971 331 1060 dis,
358 964 505 1038 videtur
523 978 644 1034 tamen
665 985 685 1034 a
702 962 896 1055 posteriori
911 965 1156 1037 corroborari.
1210 964 1319 1039 Con-

252 1069 322 1145 stat
347 1064 444 1138 enim
464 1061 655 1151 omnibus,
681 1061 903 1148 Botanicos,
934 1076 1063 1155 utpote
1079 1063 1319 1136 Tournefor-

253 1167 369 1254 tium,
418 1159 710 1250 Boerhaaviom,
760 1157 995 1250 Micbelium,
1045 1159 1318 1250 Pontederam,

252 1259 500 1358 Helwingiunr
523 1279 604 1328 curn
633 1257 782 1350 reliquis
807 1256 868 1330 sub
892 1254 1001 1330 finenr
1023 1258 1157 1352 prioris
1184 1256 1319 1350 seculi,

255 1358 460 1455 &quidem
489 1355 532 1426 ad
556 1368 721 1444 tempora
754 1353 808 1427 Cl.
836 1353 1016 1447 Praefidis,
1048 1357 1154 1448 hujus
1183 1353 1318 1450 seculi,

254 1463 461 1536 innumeras
484 1451 664 1546 collegisse
690 1474 809 1524 novas
831 1454 972 1546 plantas
994 1451 1213 1548 EuropaeaS,
1245 1477 1320 1525 ve-

254 1558 391 1634 teribus
410 1553 575 1647 ignotas3
600 1547 659 1622 sed
679 1548 777 1642 quod
802 1549 1084 1640 observandum,
1110 1573 1180 1644 qua
1197 1553 1320 1622 maxi-

254 1677 348 1733 rnarn
372 1663 511 1746 partem
535 1649 663 1722 similes
686 1661 878 1740 veterum,
903 1663 944 1722 ut
960 1651 1026 1721 vix
1046 1648 1168 1744 liguris
1186 1647 1319 1722 distin·

254 1754 315 1854 gui
337 1748 537 1847 potuerint.
591 1745 683 1818 Cum
706 1746 827 1838 itaque
851 1747 1071 1820 charaderes
1092 1745 1320 1822 sufficienter

254 1847 457 1927 defecerint
491 1843 528 1919 in
559 1845 659 1918 bisce
694 1844 849 1936 plantis,
888 1867 963 1917 non
993 1845 1116 1939 potuit
1146 1865 1222 1916 non
1252 1842 1317 1918 Cl.

254 1949 304 2025 D.
328 1943 457 2020 Praeles
479 1943 541 2015 lras
558 1941 693 2014 referre
719 1940 763 2012 ad
786 1956 919 2015 matres
940 1941 1039 2034 liras,
1072 1941 1132 2014 sub
1159 1942 1321 2015 nomine

254 2039 630 2132 VARIETATUM,
656 2061 734 2132 quae
752 2045 871 2125 colore,
898 2046 1010 2124 odore,
1030 2043 1159 2135 sapore,
1185 2047 1320 2132 magni-

254 2151 386 2228 tudine,
423 2155 579 2236 tempore,
610 2139 812 2234 pubescentia
833 2142 903 2225 &a
934 2139 1172 2224 differebant,
1211 2137 1322 2228 qnod

255 2238 440 2320 acutiffirni
471 2261 616 2331 quoque
646 2235 836 2326 Botanici,
865 2249 906 2308 ut
938 2234 1115 2332 Joffiaenr‚
1143 2237 1320 2326 lin-enos,

258 2345 461 2424 Gronovius,
490 2337 670 2422 Hallrrns,
698 2336 883 2422 Grnelr'ntts,
911 2337 1122 2418 Gaettordrrn
1152 2335 1321 2405 Delibar-

256 2447 337 2526 nis,
369 2433 664 2524 Waclrendorffint,
704 2435 880 2518 Gorlerrtr,
913 2435 1090 2505 Bilttnerns
1118 2435 1187 2518 &a
1229 2431 1324 2524 post

258 2541 359 2614 lllunr
395 2533 644 2628 approbarunt
672 2531 704 2601 &
731 2532 1003 2602 continuarunt.
1055 2529 1201 2602 Dictum
1233 2530 1321 2621 qoi-

256 2638 337 2712 dem
352 2633 417 2722 est,
436 2631 499 2703 has
516 2629 713 2700 varietates
733 2649 777 2697 ex
797 2629 869 2713 folo,
895 2634 979 2710 loro,
1005 2633 1130 2700 clinrnle
1146 2622 1190 2708 *)
1211 2639 1323 2700 ortas

255 2734 346 2826 elle,
387 2729 543 2820 ideoque
575 2726 829 2796 tantummodo
864 2726 1128 2810 accidentales;
1166 2723 1325 2799 Interea

254 2837 377 2910 tannen
395 2826 480 2902 huic
506 2821 759 2898 reformationi
781 2824 890 2895 varie
910 2822 1071 2914 subjecte
1099 2821 1198 2912 sunt,
1231 2845 1323 2914 quae

255 2929 456 3008 botanicos
481 2921 673 3018 plurimum
699 2917 941 2993 sollicitabant
966 2921 1001 2992 in
1028 2920 1325 2994 detenninandis

254 3025 464 3126 speciebus,
497 3019 541 3095 ad
567 3041 670 3114 quanr
703 3016 839 3091 scilicet
869 3017 1021 3112 speciem
1053 3022 1184 3092 merito
1217 3018 1325 3090 refe-

255 3126 376 3206 rendae
397 3118 529 3210 essent,
555 3115 699 3211 quando
727 3117 863 3190 duabus
881 3117 1155 3206 snnileserant,
1180 3115 1213 3186 a
1234 3118 1327 3206 qni·

162 3287 165 3300 .
256 3228 339 3310 dern
369 3221 441 3308 ita,
477 3229 518 3289 ut
542 3239 588 3288 ne
614 3216 724 3288 unica
750 3229 840 3288 nota
872 3215 908 3286 in
938 3215 1061 3306 planta
1088 3212 1325 3306 quaestioni8‚

258 3319 394 3398 etiarnsr
420 3311 693 3404 distinctiora,
731 3313 765 3385 da
795 3315 950 3388 maxime
978 3312 1182 3408 fingularis,
1209 3310 1326 3384 inve·

257 3422 403 3506 niatur,
439 3435 516 3507 quae
545 3433 621 3484 non
653 3407 689 3483 in
721 3412 891 3484 alterutra
922 3411 1103 3483 ambarum
1136 3410 1325 3485 occurrit.

257 3517 468 3606 'crescitque
495 3513 570 3585 haec
594 3509 746 3603 hybrida
771 3509 808 3582 in
835 3508 964 3581 eodem
989 3507 1067 3580 solo
1090 3530 1172 3582 cum
1195 3507 1329 3582 amba·

256 3611 389 3708 boa&
404 3625 524 3684 tannen
540 3633 560 3681 a
577 3608 765 3682 veteribus
787 3629 864 3682 non
883 3606 1084 3680 observata.
1138 3606 1226 3679 Haee
1245 3609 1330 3698 pri-

1218 3727 1332 3784 inum

255 3909 261 3920 ’
301 3913 343 3996 ll)
366 3915 448 3974 Vrrll
468 3915 623 3983 Botrnlci,
645 3915 695 3987 qul
725 3912 922 3975 observabant
941 3915 994 3974 has
1022 3916 1138 3988 plantas
1161 3915 1190 3972 in
1209 3919 1334 3986 quovis

253 3993 326 4063 {olo
353 3997 539 4064 constantes,
569 3997 714 4068 negabant
740 3991 793 4050 elle
822 3998 998 4066 varietates,
1041 3997 1110 4071 quir
1141 3995 1334 4066 persistente·

258 4079 368 4156 dant,
387 4077 477 4142 nescii
493 4075 703 4156 quotenne
719 4074 823 4155 caan,
846 4092 934 4155 quam
952 4080 1057 4140 eloco
1082 4089 1159 4140 ortae
1180 4073 1286 4138 essent.
