<?xml version="1.0" encoding="UTF-8"?>
<!DOCTYPE html PUBLIC "-//W3C//DTD XHTML 1.0 Transitional//EN"
    "http://www.w3.org/TR/xhtml1/DTD/xhtml1-transitional.dtd">
<html xmlns="http://www.w3.org/1999/xhtml" xml:lang="en" lang="en">
 <head>
  <title>
</title>
<meta http-equiv="Content-Type" content="text/html;charset=utf-8" />
  <meta name='ocr-system' content='tesseract 3.04.00' />
  <meta name='ocr-capabilities' content='ocr_page ocr_carea ocr_par ocr_line ocrx_word'/>
</head>
<body>
  <div class='ocr_page' id='page_1' title='image "./carolialinnequi09schrgoog_0042.png"; bbox 0 0 2712 4770; ppageno 0'>
   <div class='ocr_carea' id='block_1_1' title="bbox 304 261 1108 379">
    <p class='ocr_par' dir='ltr' id='par_1_1' title="bbox 304 261 1108 379">
     <span class='ocr_line' id='line_1_1' title="bbox 304 261 1108 379; baseline -0.01 -13"><span class='ocrx_word' id='word_1_1' title='bbox 304 261 526 376; x_wconf 72' lang='lat' dir='ltr'>irruam</span> <span class='ocrx_word' id='word_1_2' title='bbox 562 281 818 364; x_wconf 74' lang='lat' dir='ltr'>nmmum.</span> <span class='ocrx_word' id='word_1_3' title='bbox 859 275 869 302; x_wconf 68' lang='lat'><strong>⁴</strong></span> <span class='ocrx_word' id='word_1_4' title='bbox 1043 275 1108 379; x_wconf 63' lang='grc' dir='ltr'>μ’</span> 
     </span>
    </p>
   </div>
   <div class='ocr_carea' id='block_1_2' title="bbox 57 462 1190 858">
    <p class='ocr_par' dir='ltr' id='par_1_2' title="bbox 57 462 1190 858">
     <span class='ocr_line' id='line_1_2' title="bbox 59 462 1091 562; baseline -0.004 -18"><span class='ocrx_word' id='word_1_5' title='bbox 59 467 172 562; x_wconf 82' lang='lat' dir='ltr'>Neque</span> <span class='ocrx_word' id='word_1_6' title='bbox 191 466 257 542; x_wconf 89' lang='lat' dir='ltr'>hac</span> <span class='ocrx_word' id='word_1_7' title='bbox 279 468 468 542; x_wconf 79' lang='lat' dir='ltr'>occasione</span> <span class='ocrx_word' id='word_1_8' title='bbox 496 469 681 562; x_wconf 76' lang='lat' dir='ltr'>preterire</span> <span class='ocrx_word' id='word_1_9' title='bbox 706 463 888 562; x_wconf 83' lang='lat' dir='ltr'>possumus</span> <span class='ocrx_word' id='word_1_10' title='bbox 913 462 1091 560; x_wconf 87' lang='lat' dir='ltr'>stupenda</span> 
     </span>
     <span class='ocr_line' id='line_1_3' title="bbox 57 561 1190 662; baseline -0.001 -22"><span class='ocrx_word' id='word_1_11' title='bbox 57 567 119 640; x_wconf 84' lang='lat' dir='ltr'>Dei</span> <span class='ocrx_word' id='word_1_12' title='bbox 135 563 349 662; x_wconf 79' lang='lat' dir='ltr'>praescripta:</span> <span class='ocrx_word' id='word_1_13' title='bbox 375 567 442 640; x_wconf 85' lang='lat' dir='ltr'>Hae</span> <span class='ocrx_word' id='word_1_14' title='bbox 463 565 561 644; x_wconf 86' lang='lat' dir='ltr'>enim</span> <span class='ocrx_word' id='word_1_15' title='bbox 582 566 718 660; x_wconf 88' lang='lat' dir='ltr'>species</span> <span class='ocrx_word' id='word_1_16' title='bbox 737 561 927 657; x_wconf 85' lang='lat' dir='ltr'>Hybridae,</span> <span class='ocrx_word' id='word_1_17' title='bbox 953 563 1092 639; x_wconf 78' lang='lat' dir='ltr'>etiamst</span> <span class='ocrx_word' id='word_1_18' title='bbox 1183 577 1190 594; x_wconf 87' lang='lat'><strong>·</strong></span> 
     </span>
     <span class='ocr_line' id='line_1_4' title="bbox 57 659 1099 760; baseline -0.007 -24"><span class='ocrx_word' id='word_1_19' title='bbox 57 664 250 760; x_wconf 80' lang='lat' dir='ltr'>genitalibus</span> <span class='ocrx_word' id='word_1_20' title='bbox 271 661 448 738; x_wconf 74' lang='lat' dir='ltr'>inslrudlae</span> <span class='ocrx_word' id='word_1_21' title='bbox 468 664 557 754; x_wconf 89' lang='lat' dir='ltr'>lint,</span> <span class='ocrx_word' id='word_1_22' title='bbox 583 663 736 738; x_wconf 82' lang='lat' dir='ltr'>familias</span> <span class='ocrx_word' id='word_1_23' title='bbox 757 675 879 735; x_wconf 91' lang='lat' dir='ltr'>tamen</span> <span class='ocrx_word' id='word_1_24' title='bbox 901 659 979 735; x_wconf 89' lang='lat' dir='ltr'>suas</span> <span class='ocrx_word' id='word_1_25' title='bbox 1003 681 1099 755; x_wconf 63' lang='lat' dir='ltr'>pro-t</span> 
     </span>
     <span class='ocr_line' id='line_1_5' title="bbox 58 759 828 858; baseline -0.003 -24"><span class='ocrx_word' id='word_1_26' title='bbox 58 781 170 858; x_wconf 86' lang='lat' dir='ltr'>pagare</span> <span class='ocrx_word' id='word_1_27' title='bbox 192 761 254 834; x_wconf 88' lang='lat' dir='ltr'>vix</span> <span class='ocrx_word' id='word_1_28' title='bbox 276 782 319 833; x_wconf 88' lang='lat' dir='ltr'>ae</span> <span class='ocrx_word' id='word_1_29' title='bbox 343 781 390 846; x_wconf 88' lang='lat' dir='ltr'>ne</span> <span class='ocrx_word' id='word_1_30' title='bbox 410 761 476 834; x_wconf 88' lang='lat' dir='ltr'>vix</span> <span class='ocrx_word' id='word_1_31' title='bbox 501 761 645 854; x_wconf 91' lang='lat' dir='ltr'>quidem</span> <span class='ocrx_word' id='word_1_32' title='bbox 672 759 828 856; x_wconf 78' lang='lat' dir='ltr'>poliunt.</span> 
     </span>
    </p>
   </div>
   <div class='ocr_carea' id='block_1_3' title="bbox 61 903 1091 1296">
    <p class='ocr_par' dir='ltr' id='par_1_3' title="bbox 61 903 1091 1296">
     <span class='ocr_line' id='line_1_6' title="bbox 145 903 1089 1006; baseline 0.004 -26"><span class='ocrx_word' id='word_1_33' title='bbox 145 903 196 980; x_wconf 82' lang='lat' dir='ltr'>dn</span> <span class='ocrx_word' id='word_1_34' title='bbox 218 904 399 1000; x_wconf 89' lang='lat' dir='ltr'>ejusmodi</span> <span class='ocrx_word' id='word_1_35' title='bbox 429 917 554 1002; x_wconf 88' lang='lat' dir='ltr'>partus</span> <span class='ocrx_word' id='word_1_36' title='bbox 587 905 734 1000; x_wconf 87' lang='lat' dir='ltr'>hybridi</span> <span class='ocrx_word' id='word_1_37' title='bbox 761 905 799 981; x_wconf 91' lang='lat' dir='ltr'>in</span> <span class='ocrx_word' id='word_1_38' title='bbox 828 927 942 1005; x_wconf 89' lang='lat' dir='ltr'>regno</span> <span class='ocrx_word' id='word_1_39' title='bbox 967 908 1089 1006; x_wconf 87' lang='lat' dir='ltr'>Vege-</span> 
     </span>
     <span class='ocr_line' id='line_1_7' title="bbox 61 1003 1091 1100; baseline 0.007 -25"><span class='ocrx_word' id='word_1_40' title='bbox 61 1003 150 1076; x_wconf 88' lang='lat' dir='ltr'>tabili</span> <span class='ocrx_word' id='word_1_41' title='bbox 171 1026 311 1098; x_wconf 89' lang='lat' dir='ltr'>quoque</span> <span class='ocrx_word' id='word_1_42' title='bbox 341 1003 517 1098; x_wconf 84' lang='lat' dir='ltr'>existant,</span> <span class='ocrx_word' id='word_1_43' title='bbox 549 1003 664 1078; x_wconf 87' lang='lat' dir='ltr'>adhuc</span> <span class='ocrx_word' id='word_1_44' title='bbox 696 1003 871 1100; x_wconf 87' lang='lat' dir='ltr'>exemplis</span> <span class='ocrx_word' id='word_1_45' title='bbox 902 1007 1091 1082; x_wconf 85' lang='lat' dir='ltr'>nonsatis</span> 
     </span>
     <span class='ocr_line' id='line_1_8' title="bbox 65 1099 1090 1200; baseline 0.006 -28"><span class='ocrx_word' id='word_1_46' title='bbox 65 1099 251 1194; x_wconf 81' lang='lat' dir='ltr'>perspellum</span> <span class='ocrx_word' id='word_1_47' title='bbox 277 1101 357 1195; x_wconf 90' lang='lat' dir='ltr'>est,</span> <span class='ocrx_word' id='word_1_48' title='bbox 385 1123 468 1176; x_wconf 91' lang='lat' dir='ltr'>cum</span> <span class='ocrx_word' id='word_1_49' title='bbox 495 1101 592 1198; x_wconf 88' lang='lat' dir='ltr'>leges</span> <span class='ocrx_word' id='word_1_50' title='bbox 620 1101 867 1198; x_wconf 85' lang='lat' dir='ltr'>generationis</span> <span class='ocrx_word' id='word_1_51' title='bbox 891 1104 1090 1200; x_wconf 89' lang='lat' dir='ltr'>Vegetabi-</span> 
     </span>
     <span class='ocr_line' id='line_1_9' title="bbox 61 1197 1090 1296; baseline 0.006 -26"><span class='ocrx_word' id='word_1_52' title='bbox 61 1197 132 1271; x_wconf 84' lang='lat' dir='ltr'>lum</span> <span class='ocrx_word' id='word_1_53' title='bbox 152 1199 217 1273; x_wconf 90' lang='lat' dir='ltr'>hoc</span> <span class='ocrx_word' id='word_1_54' title='bbox 239 1199 363 1274; x_wconf 91' lang='lat' dir='ltr'>seculo</span> <span class='ocrx_word' id='word_1_55' title='bbox 389 1201 545 1296; x_wconf 89' lang='lat' dir='ltr'>primum</span> <span class='ocrx_word' id='word_1_56' title='bbox 567 1200 757 1276; x_wconf 88' lang='lat' dir='ltr'>evidenter</span> <span class='ocrx_word' id='word_1_57' title='bbox 777 1201 1026 1294; x_wconf 81' lang='lat' dir='ltr'>innotuerint,</span> <span class='ocrx_word' id='word_1_58' title='bbox 1054 1203 1090 1276; x_wconf 80' lang='lat' dir='ltr'>dc</span> 
     </span>
    </p>
   </div>
   <div class='ocr_carea' id='block_1_4' title="bbox 61 1280 1229 1395">
    <p class='ocr_par' dir='ltr' id='par_1_4' title="bbox 61 1280 1229 1395">
     <span class='ocr_line' id='line_1_10' title="bbox 61 1280 1229 1395; baseline 0.008 -27"><span class='ocrx_word' id='word_1_59' title='bbox 61 1293 96 1368; x_wconf 90' lang='lat' dir='ltr'>de</span> <span class='ocrx_word' id='word_1_60' title='bbox 109 1308 218 1371; x_wconf 87' lang='lat' dir='ltr'>cetero</span> <span class='ocrx_word' id='word_1_61' title='bbox 233 1295 469 1395; x_wconf 89' lang='lat' dir='ltr'>Vegetabilia</span> <span class='ocrx_word' id='word_1_62' title='bbox 488 1299 632 1372; x_wconf 88' lang='lat' dir='ltr'>climate</span> <span class='ocrx_word' id='word_1_63' title='bbox 650 1296 684 1370; x_wconf 77' lang='lat' dir='ltr'>u</span> <span class='ocrx_word' id='word_1_64' title='bbox 700 1297 888 1372; x_wconf 85' lang='lat' dir='ltr'>fertilitate</span> <span class='ocrx_word' id='word_1_65' title='bbox 910 1312 1013 1374; x_wconf 88' lang='lat' dir='ltr'>terrae</span> <span class='ocrx_word' id='word_1_66' title='bbox 1038 1301 1090 1376; x_wconf 88' lang='lat' dir='ltr'>ita</span> <span class='ocrx_word' id='word_1_67' title='bbox 1202 1280 1206 1290; x_wconf 42' lang='lat'>¹</span> <span class='ocrx_word' id='word_1_68' title='bbox 1226 1335 1229 1340; x_wconf 52' lang='lat'>¹</span> 
     </span>
    </p>
   </div>
   <div class='ocr_carea' id='block_1_5' title="bbox 58 1395 1169 1670">
    <p class='ocr_par' dir='ltr' id='par_1_5' title="bbox 58 1395 1169 1670">
     <span class='ocr_line' id='line_1_11' title="bbox 58 1395 1088 1497; baseline 0.007 -31"><span class='ocrx_word' id='word_1_69' title='bbox 58 1407 237 1488; x_wconf 83' lang='lat' dir='ltr'>nutenttu,</span> <span class='ocrx_word' id='word_1_70' title='bbox 275 1409 321 1470; x_wconf 90' lang='lat' dir='ltr'>ut</span> <span class='ocrx_word' id='word_1_71' title='bbox 348 1398 647 1497; x_wconf 72' lang='lat' dir='ltr'>una.eadechte</span> <span class='ocrx_word' id='word_1_72' title='bbox 684 1397 828 1491; x_wconf 88' lang='lat' dir='ltr'>planta,</span> <span class='ocrx_word' id='word_1_73' title='bbox 869 1395 908 1470; x_wconf 94' lang='lat' dir='ltr'>in</span> <span class='ocrx_word' id='word_1_74' title='bbox 943 1397 1088 1472; x_wconf 89' lang='lat' dir='ltr'>diverso</span> 
     </span>
     <span class='ocr_line' id='line_1_12' title="bbox 59 1489 1169 1593; baseline 0.011 -31"><span class='ocrx_word' id='word_1_75' title='bbox 59 1489 123 1563; x_wconf 91' lang='lat' dir='ltr'>solu</span> <span class='ocrx_word' id='word_1_76' title='bbox 143 1505 241 1588; x_wconf 88' lang='lat' dir='ltr'>nata,</span> <span class='ocrx_word' id='word_1_77' title='bbox 276 1493 456 1590; x_wconf 87' lang='lat' dir='ltr'>saepillime</span> <span class='ocrx_word' id='word_1_78' title='bbox 483 1491 650 1568; x_wconf 89' lang='lat' dir='ltr'>videatur</span> <span class='ocrx_word' id='word_1_79' title='bbox 667 1493 891 1593; x_wconf 84' lang='lat' dir='ltr'>,parentibus</span> <span class='ocrx_word' id='word_1_80' title='bbox 919 1491 971 1568; x_wconf 85' lang='lat' dir='ltr'>sat</span> <span class='ocrx_word' id='word_1_81' title='bbox 999 1495 1112 1571; x_wconf 73' lang='lat' dir='ltr'>disli-</span> <span class='ocrx_word' id='word_1_82' title='bbox 1168 1571 1169 1574; x_wconf 74' lang='grc'>,</span> 
     </span>
     <span class='ocr_line' id='line_1_13' title="bbox 61 1587 339 1670; baseline 0.011 -8"><span class='ocrx_word' id='word_1_83' title='bbox 61 1587 137 1664; x_wconf 87' lang='lat' dir='ltr'>milis</span> <span class='ocrx_word' id='word_1_84' title='bbox 160 1592 339 1670; x_wconf 78' lang='lat' dir='ltr'>uarietas.</span> 
     </span>
    </p>
   </div>
   <div class='ocr_carea' id='block_1_6' title="bbox 139 1723 1090 1829">
    <p class='ocr_par' dir='ltr' id='par_1_6' title="bbox 139 1723 1090 1829">
     <span class='ocr_line' id='line_1_14' title="bbox 139 1723 1090 1829; baseline 0.003 -30"><span class='ocrx_word' id='word_1_85' title='bbox 139 1723 276 1829; x_wconf 78' lang='lat' dir='ltr'>Quodsi</span> <span class='ocrx_word' id='word_1_86' title='bbox 292 1746 385 1798; x_wconf 88' lang='lat' dir='ltr'>arne</span> <span class='ocrx_word' id='word_1_87' title='bbox 404 1737 601 1818; x_wconf 75' lang='lat' dir='ltr'>queratur:</span> <span class='ocrx_word' id='word_1_88' title='bbox 622 1737 742 1800; x_wconf 90' lang='lat' dir='ltr'>utrum</span> <span class='ocrx_word' id='word_1_89' title='bbox 760 1747 869 1801; x_wconf 87' lang='lat' dir='ltr'>novae</span> <span class='ocrx_word' id='word_1_90' title='bbox 886 1726 1090 1820; x_wconf 83' lang='lat' dir='ltr'>plantarum</span> 
     </span>
    </p>
   </div>
   <div class='ocr_carea' id='block_1_7' title="bbox 53 1819 1112 4075">
    <p class='ocr_par' dir='ltr' id='par_1_7' title="bbox 53 1819 1112 4075">
     <span class='ocr_line' id='line_1_15' title="bbox 65 1819 1099 1918; baseline 0.001 -23"><span class='ocrx_word' id='word_1_91' title='bbox 65 1819 202 1916; x_wconf 82' lang='lat' dir='ltr'>Species,</span> <span class='ocrx_word' id='word_1_92' title='bbox 235 1846 302 1918; x_wconf 92' lang='lat' dir='ltr'>per</span> <span class='ocrx_word' id='word_1_93' title='bbox 332 1821 513 1896; x_wconf 90' lang='lat' dir='ltr'>miscelarn</span> <span class='ocrx_word' id='word_1_94' title='bbox 538 1823 688 1898; x_wconf 87' lang='lat' dir='ltr'>duarum</span> <span class='ocrx_word' id='word_1_95' title='bbox 721 1821 962 1916; x_wconf 89' lang='lat' dir='ltr'>diversarum,</span> <span class='ocrx_word' id='word_1_96' title='bbox 998 1822 1099 1898; x_wconf 88' lang='lat' dir='ltr'>oriri&#39;</span> 
     </span>
     <span class='ocr_line' id='line_1_16' title="bbox 60 1917 1088 2094; baseline 0.002 -102"><span class='ocrx_word' id='word_1_97' title='bbox 60 1920 179 2012; x_wconf 87' lang='lat' dir='ltr'>possint,</span> <span class='ocrx_word' id='word_1_98' title='bbox 201 1943 246 1996; x_wconf 91' lang='lat' dir='ltr'>an</span> <span class='ocrx_word' id='word_1_99' title='bbox 264 1919 433 2014; x_wconf 89' lang='lat' dir='ltr'>quotidie</span> <span class='ocrx_word' id='word_1_100' title='bbox 448 1919 640 1996; x_wconf 76' lang='lat' dir='ltr'>oriantur?</span> <span class='ocrx_word' id='word_1_101' title='bbox 663 1921 698 1994; x_wconf 74' lang='grc' dir='ltr'>δι</span> <span class='ocrx_word' id='word_1_102' title='bbox 714 1945 760 1996; x_wconf 87' lang='lat' dir='ltr'>ex</span> <span class='ocrx_word' id='word_1_103' title='bbox 767 1917 966 2094; x_wconf 67' lang='lat' dir='ltr'>¹principiis</span> <span class='ocrx_word' id='word_1_104' title='bbox 984 1921 1088 1995; x_wconf 88' lang='lat' dir='ltr'>theo·</span> 
     </span>
     <span class='ocr_line' id='line_1_17' title="bbox 59 2017 1090 2115; baseline 0.003 -25"><span class='ocrx_word' id='word_1_105' title='bbox 59 2018 178 2111; x_wconf 90' lang='lat' dir='ltr'>reticis,</span> <span class='ocrx_word' id='word_1_106' title='bbox 202 2031 379 2113; x_wconf 89' lang='lat' dir='ltr'>quantum</span> <span class='ocrx_word' id='word_1_107' title='bbox 401 2019 518 2092; x_wconf 91' lang='lat' dir='ltr'>oculis</span> <span class='ocrx_word' id='word_1_108' title='bbox 543 2041 692 2094; x_wconf 91' lang='lat' dir='ltr'>cernere</span> <span class='ocrx_word' id='word_1_109' title='bbox 715 2041 765 2115; x_wconf 93' lang='lat' dir='ltr'>po</span> <span class='ocrx_word' id='word_1_110' title='bbox 793 2041 917 2110; x_wconf 87' lang='lat' dir='ltr'>umus,</span> <span class='ocrx_word' id='word_1_111' title='bbox 943 2017 988 2092; x_wconf 84' lang='lat' dir='ltr'>ed</span> <span class='ocrx_word' id='word_1_112' title='bbox 1011 2019 1090 2094; x_wconf 83' lang='lat' dir='ltr'>haec</span> 
     </span>
     <span class='ocr_line' id='line_1_18' title="bbox 58 2113 1090 2210; baseline 0.01 -24"><span class='ocrx_word' id='word_1_113' title='bbox 58 2113 311 2210; x_wconf 86' lang='lat' dir='ltr'>responderem,</span> <span class='ocrx_word' id='word_1_114' title='bbox 340 2115 455 2207; x_wconf 77' lang='lat' dir='ltr'>libere</span> <span class='ocrx_word' id='word_1_115' title='bbox 481 2115 700 2192; x_wconf 85' lang='lat' dir='ltr'>declararem</span> <span class='ocrx_word' id='word_1_116' title='bbox 731 2115 944 2192; x_wconf 88' lang='lat' dir='ltr'>sententiam</span> <span class='ocrx_word' id='word_1_117' title='bbox 970 2137 1090 2196; x_wconf 81' lang='lat' dir='ltr'>meam</span> 
     </span>
     <span class='ocr_line' id='line_1_19' title="bbox 58 2211 1088 2308; baseline 0.004 -23"><span class='ocrx_word' id='word_1_118' title='bbox 58 2215 209 2308; x_wconf 85' lang='lat' dir='ltr'>negando.</span> <span class='ocrx_word' id='word_1_119' title='bbox 271 2212 423 2292; x_wconf 87' lang='lat' dir='ltr'>Etenim</span> <span class='ocrx_word' id='word_1_120' title='bbox 456 2236 533 2288; x_wconf 94' lang='lat' dir='ltr'>non</span> <span class='ocrx_word' id='word_1_121' title='bbox 564 2211 678 2288; x_wconf 89' lang='lat' dir='ltr'>solum</span> <span class='ocrx_word' id='word_1_122' title='bbox 709 2211 876 2289; x_wconf 90' lang='lat' dir='ltr'>videmus</span> <span class='ocrx_word' id='word_1_123' title='bbox 906 2212 1088 2290; x_wconf 91' lang='lat' dir='ltr'>rudimen·</span> 
     </span>
     <span class='ocr_line' id='line_1_20' title="bbox 59 2311 1089 2410; baseline 0.002 -26"><span class='ocrx_word' id='word_1_124' title='bbox 59 2323 122 2384; x_wconf 77' lang='lat' dir='ltr'>nun</span> <span class='ocrx_word' id='word_1_125' title='bbox 142 2311 277 2388; x_wconf 89' lang='lat' dir='ltr'>seminis</span> <span class='ocrx_word' id='word_1_126' title='bbox 306 2311 528 2410; x_wconf 81' lang='lat' dir='ltr'>in&#39;germine</span> <span class='ocrx_word' id='word_1_127' title='bbox 556 2313 666 2410; x_wconf 91' lang='lat' dir='ltr'>longe</span> <span class='ocrx_word' id='word_1_128' title='bbox 692 2325 777 2388; x_wconf 91' lang='lat' dir='ltr'>ante</span> <span class='ocrx_word' id='word_1_129' title='bbox 806 2311 1089 2386; x_wconf 88' lang='lat' dir='ltr'>foecundationis</span> 
     </span>
     <span class='ocr_line' id='line_1_21' title="bbox 62 2401 1091 2504; baseline 0.002 -22"><span class='ocrx_word' id='word_1_130' title='bbox 62 2417 195 2504; x_wconf 80' lang='lat' dir='ltr'>tempus3</span> <span class='ocrx_word' id='word_1_131' title='bbox 238 2431 371 2484; x_wconf 91' lang='lat' dir='ltr'>verum</span> <span class='ocrx_word' id='word_1_132' title='bbox 410 2411 519 2484; x_wconf 91' lang='lat' dir='ltr'>etiam</span> <span class='ocrx_word' id='word_1_133' title='bbox 553 2407 794 2504; x_wconf 89' lang='lat' dir='ltr'>conspicimus</span> <span class='ocrx_word' id='word_1_134' title='bbox 830 2406 1015 2484; x_wconf 85' lang='lat' dir='ltr'>Corticem</span> <span class='ocrx_word' id='word_1_135' title='bbox 1053 2401 1091 2484; x_wconf 93' lang='lat' dir='ltr'>se</span> 
     </span>
     <span class='ocr_line' id='line_1_22' title="bbox 62 2501 1090 2602; baseline 0.004 -26"><span class='ocrx_word' id='word_1_136' title='bbox 62 2509 207 2582; x_wconf 90' lang='lat' dir='ltr'>evolvere</span> <span class='ocrx_word' id='word_1_137' title='bbox 229 2509 269 2582; x_wconf 93' lang='lat' dir='ltr'>in</span> <span class='ocrx_word' id='word_1_138' title='bbox 301 2505 494 2601; x_wconf 85' lang='lat' dir='ltr'>Calycem,</span> <span class='ocrx_word' id='word_1_139' title='bbox 524 2506 676 2582; x_wconf 91' lang='lat' dir='ltr'>Librum</span> <span class='ocrx_word' id='word_1_140' title='bbox 703 2507 802 2582; x_wconf 87' lang='lat' dir='ltr'>abire</span> <span class='ocrx_word' id='word_1_141' title='bbox 824 2507 863 2581; x_wconf 89' lang='lat' dir='ltr'>in</span> <span class='ocrx_word' id='word_1_142' title='bbox 887 2501 1090 2602; x_wconf 82' lang='lat' dir='ltr'>corollam,</span> 
     </span>
     <span class='ocr_line' id='line_1_23' title="bbox 58 2598 1090 2699; baseline 0.004 -25"><span class='ocrx_word' id='word_1_143' title='bbox 58 2598 186 2699; x_wconf 84' lang='lat' dir='ltr'>Lignum</span> <span class='ocrx_word' id='word_1_144' title='bbox 207 2605 367 2680; x_wconf 90' lang='lat' dir='ltr'>evadere</span> <span class='ocrx_word' id='word_1_145' title='bbox 393 2605 432 2680; x_wconf 94' lang='lat' dir='ltr'>in</span> <span class='ocrx_word' id='word_1_146' title='bbox 457 2603 640 2698; x_wconf 83' lang='lat' dir='ltr'>Stamina,</span> <span class='ocrx_word' id='word_1_147' title='bbox 671 2601 943 2698; x_wconf 85' lang='lat' dir='ltr'>Medullamque</span> <span class='ocrx_word' id='word_1_148' title='bbox 967 2605 1090 2678; x_wconf 91' lang='lat' dir='ltr'>imme·</span> 
     </span>
     <span class='ocr_line' id='line_1_24' title="bbox 57 2697 1090 2799; baseline 0.004 -29"><span class='ocrx_word' id='word_1_149' title='bbox 57 2697 135 2775; x_wconf 89' lang='lat' dir='ltr'>diate</span> <span class='ocrx_word' id='word_1_150' title='bbox 160 2702 315 2799; x_wconf 90' lang='lat' dir='ltr'>produci</span> <span class='ocrx_word' id='word_1_151' title='bbox 343 2703 388 2776; x_wconf 88' lang='lat' dir='ltr'>ad</span> <span class='ocrx_word' id='word_1_152' title='bbox 414 2701 527 2798; x_wconf 92' lang='lat' dir='ltr'>ipsum</span> <span class='ocrx_word' id='word_1_153' title='bbox 553 2701 694 2780; x_wconf 90' lang='lat' dir='ltr'>Semen.</span> <span class='ocrx_word' id='word_1_154' title='bbox 745 2703 863 2777; x_wconf 91' lang='lat' dir='ltr'>Immo</span> <span class='ocrx_word' id='word_1_155' title='bbox 889 2703 928 2776; x_wconf 93' lang='lat' dir='ltr'>in</span> <span class='ocrx_word' id='word_1_156' title='bbox 950 2701 1090 2778; x_wconf 90' lang='lat' dir='ltr'>Grami-</span> 
     </span>
     <span class='ocr_line' id='line_1_25' title="bbox 55 2797 1104 2898; baseline 0.005 -28"><span class='ocrx_word' id='word_1_157' title='bbox 55 2797 165 2894; x_wconf 86' lang='lat' dir='ltr'>nibus,</span> <span class='ocrx_word' id='word_1_158' title='bbox 187 2801 343 2896; x_wconf 86' lang='lat' dir='ltr'>aliisque</span> <span class='ocrx_word' id='word_1_159' title='bbox 360 2800 768 2898; x_wconf 89' lang='lat' dir='ltr'>Monocotyledonibus</span> <span class='ocrx_word' id='word_1_160' title='bbox 785 2800 932 2896; x_wconf 90' lang='lat' dir='ltr'>reperio</span> <span class='ocrx_word' id='word_1_161' title='bbox 954 2799 1104 2886; x_wconf 61' lang='lat' dir='ltr'>medus,</span> 
     </span>
     <span class='ocr_line' id='line_1_26' title="bbox 55 2893 1112 2994; baseline 0.009 -30"><span class='ocrx_word' id='word_1_162' title='bbox 55 2893 112 2969; x_wconf 85' lang='lat' dir='ltr'>lam</span> <span class='ocrx_word' id='word_1_163' title='bbox 123 2897 327 2974; x_wconf 85' lang='lat' dir='ltr'>continuari</span> <span class='ocrx_word' id='word_1_164' title='bbox 346 2919 392 2971; x_wconf 86' lang='lat' dir='ltr'>ex</span> <span class='ocrx_word' id='word_1_165' title='bbox 404 2895 525 2973; x_wconf 89' lang='lat' dir='ltr'>radice</span> <span class='ocrx_word' id='word_1_166' title='bbox 545 2901 583 2974; x_wconf 91' lang='lat' dir='ltr'>in</span> <span class='ocrx_word' id='word_1_167' title='bbox 604 2897 718 2994; x_wconf 91' lang='lat' dir='ltr'>ipsum</span> <span class='ocrx_word' id='word_1_168' title='bbox 733 2897 852 2975; x_wconf 89' lang='lat' dir='ltr'>semen</span> <span class='ocrx_word' id='word_1_169' title='bbox 887 2899 1112 2974; x_wconf 42' lang='lat' dir='ltr'>materiam-s</span> 
     </span>
     <span class='ocr_line' id='line_1_27' title="bbox 55 2949 1094 3092; baseline 0 -24"><span class='ocrx_word' id='word_1_170' title='bbox 55 3013 112 3086; x_wconf 89' lang='lat' dir='ltr'>que</span> <span class='ocrx_word' id='word_1_171' title='bbox 127 2995 310 3092; x_wconf 86' lang='lat' dir='ltr'>pulposam</span> <span class='ocrx_word' id='word_1_172' title='bbox 336 2995 387 3068; x_wconf 90' lang='lat' dir='ltr'>ibi</span> <span class='ocrx_word' id='word_1_173' title='bbox 409 2995 646 3090; x_wconf 86' lang='lat' dir='ltr'>efficientem,</span> <span class='ocrx_word' id='word_1_174' title='bbox 673 2995 818 3091; x_wconf 89' lang='lat' dir='ltr'>quando</span> <span class='ocrx_word' id='word_1_175' title='bbox 848 2949 969 3070; x_wconf 87' lang='lat' dir='ltr'>semen</span> <span class='ocrx_word' id='word_1_176' title='bbox 996 2995 1094 3070; x_wconf 92' lang='lat' dir='ltr'>deci·</span> 
     </span>
     <span class='ocr_line' id='line_1_28' title="bbox 53 3089 1101 3190; baseline 0.007 -28"><span class='ocrx_word' id='word_1_177' title='bbox 53 3089 115 3184; x_wconf 90' lang='lat' dir='ltr'>dit,</span> <span class='ocrx_word' id='word_1_178' title='bbox 139 3093 334 3188; x_wconf 59' lang='lat' dir='ltr'>abmmpi„</span> <span class='ocrx_word' id='word_1_179' title='bbox 363 3091 414 3190; x_wconf 78' lang='lat' dir='ltr'>Et</span> <span class='ocrx_word' id='word_1_180' title='bbox 443 3091 587 3188; x_wconf 87' lang='lat' dir='ltr'>quando</span> <span class='ocrx_word' id='word_1_181' title='bbox 614 3117 635 3169; x_wconf 93' lang='lat' dir='ltr'>e</span> <span class='ocrx_word' id='word_1_182' title='bbox 661 3099 758 3170; x_wconf 87' lang='lat' dir='ltr'>terra</span> <span class='ocrx_word' id='word_1_183' title='bbox 782 3089 936 3190; x_wconf 88' lang='lat' dir='ltr'>pullulet</span> <span class='ocrx_word' id='word_1_184' title='bbox 957 3090 1101 3188; x_wconf 73' lang='lat' dir='ltr'>semen,</span> 
     </span>
     <span class='ocr_line' id='line_1_29' title="bbox 54 3188 1094 3286; baseline 0.004 -26"><span class='ocrx_word' id='word_1_185' title='bbox 54 3191 208 3266; x_wconf 81' lang='lat' dir='ltr'>excrescit</span> <span class='ocrx_word' id='word_1_186' title='bbox 231 3213 380 3285; x_wconf 91' lang='lat' dir='ltr'>quoque</span> <span class='ocrx_word' id='word_1_187' title='bbox 399 3189 434 3264; x_wconf 81' lang='lat' dir='ltr'>dc</span> <span class='ocrx_word' id='word_1_188' title='bbox 451 3191 629 3268; x_wconf 90' lang='lat' dir='ltr'>radiculas</span> <span class='ocrx_word' id='word_1_189' title='bbox 648 3188 780 3266; x_wconf 84' lang='lat' dir='ltr'>exserit</span> <span class='ocrx_word' id='word_1_190' title='bbox 807 3191 846 3265; x_wconf 92' lang='lat' dir='ltr'>in</span> <span class='ocrx_word' id='word_1_191' title='bbox 868 3212 914 3264; x_wconf 92' lang='lat' dir='ltr'>eo</span> <span class='ocrx_word' id='word_1_192' title='bbox 939 3189 1094 3286; x_wconf 71' lang='lat' dir='ltr'>pundo,</span> 
     </span>
     <span class='ocr_line' id='line_1_30' title="bbox 54 3291 1097 3384; baseline 0.002 -24"><span class='ocrx_word' id='word_1_193' title='bbox 54 3307 114 3378; x_wconf 87' lang='lat' dir='ltr'>quo</span> <span class='ocrx_word' id='word_1_194' title='bbox 140 3291 321 3384; x_wconf 80' lang='lat' dir='ltr'>dimptum</span> <span class='ocrx_word' id='word_1_195' title='bbox 344 3302 436 3384; x_wconf 86' lang='lat' dir='ltr'>erat,</span> <span class='ocrx_word' id='word_1_196' title='bbox 464 3291 557 3366; x_wconf 91' lang='lat' dir='ltr'>adeo</span> <span class='ocrx_word' id='word_1_197' title='bbox 584 3303 626 3366; x_wconf 89' lang='lat' dir='ltr'>ut</span> <span class='ocrx_word' id='word_1_198' title='bbox 649 3291 806 3364; x_wconf 91' lang='lat' dir='ltr'>libenter</span> <span class='ocrx_word' id='word_1_199' title='bbox 829 3310 898 3384; x_wconf 92' lang='lat' dir='ltr'>pro</span> <span class='ocrx_word' id='word_1_200' title='bbox 922 3302 1025 3363; x_wconf 91' lang='lat' dir='ltr'>certo</span> <span class='ocrx_word' id='word_1_201' title='bbox 1049 3310 1097 3362; x_wconf 87' lang='lat' dir='ltr'>ac</span> 
     </span>
     <span class='ocr_line' id='line_1_31' title="bbox 54 3380 1093 3483; baseline 0.007 -31"><span class='ocrx_word' id='word_1_202' title='bbox 54 3380 241 3462; x_wconf 90' lang='lat' dir='ltr'>indubitato</span> <span class='ocrx_word' id='word_1_203' title='bbox 263 3386 456 3480; x_wconf 90' lang='lat' dir='ltr'>haberem,</span> <span class='ocrx_word' id='word_1_204' title='bbox 488 3390 726 3483; x_wconf 88' lang='lat' dir='ltr'>embryonem</span> <span class='ocrx_word' id='word_1_205' title='bbox 746 3399 831 3462; x_wconf 86' lang='lat' dir='ltr'>ante</span> <span class='ocrx_word' id='word_1_206' title='bbox 851 3385 1093 3462; x_wconf 88' lang='lat' dir='ltr'>soecundatio·</span> 
     </span>
     <span class='ocr_line' id='line_1_32' title="bbox 53 3483 1101 3580; baseline 0.005 -29"><span class='ocrx_word' id='word_1_207' title='bbox 53 3485 177 3559; x_wconf 89' lang='lat' dir='ltr'>nemin</span> <span class='ocrx_word' id='word_1_208' title='bbox 204 3484 366 3580; x_wconf 84' lang='lat' dir='ltr'>germine</span> <span class='ocrx_word' id='word_1_209' title='bbox 391 3483 477 3578; x_wconf 88' lang='lat' dir='ltr'>suo,</span> <span class='ocrx_word' id='word_1_210' title='bbox 503 3485 839 3572; x_wconf 76' lang='lat' dir='ltr'>medullaesrmilem</span> <span class='ocrx_word' id='word_1_211' title='bbox 859 3484 1002 3558; x_wconf 90' lang='lat' dir='ltr'>latere..</span> <span class='ocrx_word' id='word_1_212' title='bbox 1023 3483 1101 3572; x_wconf 85' lang='lat' dir='ltr'>Vi-¹</span> 
     </span>
     <span class='ocr_line' id='line_1_33' title="bbox 54 3575 1095 3686; baseline -0.002 -28"><span class='ocrx_word' id='word_1_213' title='bbox 54 3575 113 3658; x_wconf 75' lang='lat' dir='ltr'>,deo</span> <span class='ocrx_word' id='word_1_214' title='bbox 129 3581 282 3675; x_wconf 91' lang='lat' dir='ltr'>quidem,</span> <span class='ocrx_word' id='word_1_215' title='bbox 300 3583 439 3656; x_wconf 91' lang='lat' dir='ltr'>nullum</span> <span class='ocrx_word' id='word_1_216' title='bbox 454 3579 573 3658; x_wconf 90' lang='lat' dir='ltr'>semen</span> <span class='ocrx_word' id='word_1_217' title='bbox 592 3597 677 3658; x_wconf 90' lang='lat' dir='ltr'>ante</span> <span class='ocrx_word' id='word_1_218' title='bbox 693 3582 1002 3686; x_wconf 80' lang='lat' dir='ltr'>soecundationem</span> <span class='ocrx_word' id='word_1_219' title='bbox 1014 3603 1095 3680; x_wconf 90' lang='lat' dir='ltr'>ger·</span> 
     </span>
     <span class='ocr_line' id='line_1_34' title="bbox 53 3676 1094 3780; baseline 0.005 -33"><span class='ocrx_word' id='word_1_220' title='bbox 53 3676 194 3772; x_wconf 89' lang='lat' dir='ltr'>minare,</span> <span class='ocrx_word' id='word_1_221' title='bbox 219 3677 348 3774; x_wconf 91' lang='lat' dir='ltr'>pollen</span> <span class='ocrx_word' id='word_1_222' title='bbox 370 3676 432 3754; x_wconf 91' lang='lat' dir='ltr'>sub</span> <span class='ocrx_word' id='word_1_223' title='bbox 461 3679 689 3755; x_wconf 92' lang='lat' dir='ltr'>florescentia</span> <span class='ocrx_word' id='word_1_224' title='bbox 711 3679 865 3780; x_wconf 88' lang='lat' dir='ltr'>stigmati</span> <span class='ocrx_word' id='word_1_225' title='bbox 886 3680 1014 3755; x_wconf 92' lang='lat' dir='ltr'>rorido</span> <span class='ocrx_word' id='word_1_226' title='bbox 1034 3677 1094 3754; x_wconf 87' lang='lat' dir='ltr'>ad-</span> 
     </span>
     <span class='ocr_line' id='line_1_35' title="bbox 55 3767 1096 3874; baseline 0.004 -26"><span class='ocrx_word' id='word_1_227' title='bbox 55 3767 193 3870; x_wconf 83' lang='lat' dir='ltr'>herere,</span> <span class='ocrx_word' id='word_1_228' title='bbox 222 3775 275 3850; x_wconf 93' lang='lat' dir='ltr'>ibi</span> <span class='ocrx_word' id='word_1_229' title='bbox 296 3778 436 3874; x_wconf 88' lang='lat' dir='ltr'>rumpi,</span> <span class='ocrx_word' id='word_1_230' title='bbox 464 3777 498 3854; x_wconf 83' lang='lat' dir='ltr'>dc</span> <span class='ocrx_word' id='word_1_231' title='bbox 526 3791 740 3856; x_wconf 92' lang='lat' dir='ltr'>contentum</span> <span class='ocrx_word' id='word_1_232' title='bbox 768 3779 918 3873; x_wconf 87' lang='lat' dir='ltr'>pollinis</span> <span class='ocrx_word' id='word_1_233' title='bbox 944 3779 988 3852; x_wconf 89' lang='lat' dir='ltr'>ab</span> <span class='ocrx_word' id='word_1_234' title='bbox 1014 3778 1026 3849; x_wconf 91' lang='lat' dir='ltr'>i</span> <span class='ocrx_word' id='word_1_235' title='bbox 1054 3773 1096 3852; x_wconf 87' lang='lat' dir='ltr'>so</span> 
     </span>
     <span class='ocr_line' id='line_1_36' title="bbox 55 3801 1096 3978; baseline 0.004 -34"><span class='ocrx_word' id='word_1_236' title='bbox 55 3869 172 3978; x_wconf 79' lang='lat' dir='ltr'>pistillo</span> <span class='ocrx_word' id='word_1_237' title='bbox 200 3871 408 3970; x_wconf 89' lang='lat' dir='ltr'>absorberi,</span> <span class='ocrx_word' id='word_1_238' title='bbox 440 3877 546 3952; x_wconf 89' lang='lat' dir='ltr'>acad</span> <span class='ocrx_word' id='word_1_239' title='bbox 571 3877 684 3972; x_wconf 87' lang='lat' dir='ltr'>ipsum</span> <span class='ocrx_word' id='word_1_240' title='bbox 710 3875 829 3952; x_wconf 90' lang='lat' dir='ltr'>semen</span> <span class='ocrx_word' id='word_1_241' title='bbox 856 3871 984 3950; x_wconf 90' lang='lat' dir='ltr'>subire.</span> <span class='ocrx_word' id='word_1_242' title='bbox 1026 3801 1096 3968; x_wconf 58' lang='lat' dir='ltr'>seq</span> 
     </span>
     <span class='ocr_line' id='line_1_37' title="bbox 58 3967 1096 4075; baseline -0.002 -21"><span class='ocrx_word' id='word_1_243' title='bbox 58 3967 114 4046; x_wconf 84' lang='lat' dir='ltr'>cde</span> <span class='ocrx_word' id='word_1_244' title='bbox 133 3985 253 4055; x_wconf 71' lang='lat' dir='ltr'>umen</span> <span class='ocrx_word' id='word_1_245' title='bbox 281 3971 356 4054; x_wconf 88' lang='lat' dir='ltr'>hoc</span> <span class='ocrx_word' id='word_1_246' title='bbox 381 3974 475 4056; x_wconf 86' lang='lat' dir='ltr'>nihil</span> <span class='ocrx_word' id='word_1_247' title='bbox 506 3973 626 4073; x_wconf 86' lang='lat' dir='ltr'>aliud,</span> <span class='ocrx_word' id='word_1_248' title='bbox 652 3997 769 4073; x_wconf 27' lang='lat' dir='ltr'>,quam</span> <span class='ocrx_word' id='word_1_249' title='bbox 794 3971 980 4052; x_wconf 79' lang='lat' dir='ltr'>elallicum</span> <span class='ocrx_word' id='word_1_250' title='bbox 1007 3967 1096 4075; x_wconf 71' lang='lat' dir='ltr'>quid</span> 
     </span>
    </p>
   </div>
   <div class='ocr_carea' id='block_1_8' title="bbox 984 4063 1090 4168">
    <p class='ocr_par' dir='ltr' id='par_1_8' title="bbox 984 4063 1090 4168">
     <span class='ocr_line' id='line_1_38' title="bbox 984 4063 1090 4168; baseline 0 0"><span class='ocrx_word' id='word_1_251' title='bbox 984 4063 1090 4168; x_wconf 54' lang='lat' dir='ltr'>effe</span> 
     </span>
    </p>
   </div>
   <div class='ocr_carea' id='block_1_9' title="bbox 0 0 1360 4770">
    <p class='ocr_par' dir='ltr' id='par_1_9' title="bbox 0 0 1360 4770">
     <span class='ocr_line' id='line_1_39' title="bbox 0 0 1360 4770; baseline 0 2"><span class='ocrx_word' id='word_1_252' title='bbox 0 0 1360 4770; x_wconf 95' lang='lat' dir='ltr'> </span> 
     </span>
    </p>
   </div>
  </div>
 </body>
</html>
