2680 4770
247 269 300 361 4⁶
437 198 446 216 ⁸
520 247 750 341 enimn
777 234 1035 340 mennon.

251 443 430 521 corollam
460 442 575 516 albam
602 443 700 519 disco
728 445 934 541 fastigiato‚
970 467 1040 518 nec
1067 463 1239 520 convexo
1263 453 1305 518 sit

250 543 291 618 in
319 540 492 630 Carduis3
528 541 714 634 calycibus
743 545 855 640 magis
887 543 1116 636 cylindricis:
1152 543 1306 635 squamis

251 641 375 715 carina
393 639 504 713 nivea
523 641 660 714 notatis
674 655 716 714 ut
732 643 770 716 in
787 643 909 714 Matre
930 638 979 729 523
1005 655 1043 714 at
1054 641 1176 726 Caulis
1192 641 1306 733 duplo

249 738 392 829 minor,
430 737 539 810 flores
570 739 689 834 longis
726 735 1205 833 pedunculis·subsolitarii‚
1235 761 1308 811 nec
1338 809 1339 814 ,

249 835 433 932 congesti3
472 833 577 908 Folia
611 835 796 930 superiora
818 837 1045 930 &pleraque
1071 837 1183 909 caulis
1212 835 1307 914 indi-

247 933 345 1018 visat
374 931 478 1006 Folia
495 931 781 1025 peduncuiorum
797 957 925 1030 parva,
951 955 1020 1007 nec
1041 948 1120 1007 tota
1138 955 1306 1008 concava

247 1029 404 1129 pallida,
428 1029 558 1124 quibus
579 1034 758 1106 convenit
783 1055 864 1106 eum
887 1046 989 1126 patre
1010 1027 1076 1126 (P,
1105 1046 1147 1106 ut
1168 1029 1304 1104 Cnicus

247 1131 436 1202 oleraceus
462 1127 530 1200 esse
558 1144 740 1222 nequeat;
781 1131 906 1208 differt
936 1130 1046 1210 etiam
1071 1125 1145 1218 αἳ
1176 1130 1303 1230 calyce

247 1228 373 1324 glabro
399 1225 433 1298 &
451 1226 600 1300 minime
618 1227 763 1305 villoso.

249 1390 308 1458 24·
338 1362 366 1458 Q
398 1364 683 1442 TUSSILAGO
708 1371 854 1463 hybrida.

252 1482 279 1572 ῼ
306 1482 591 1558 TUSSILAGO
616 1483 787 1579 Petafites.

245 1600 293 1702 δ’
321 1601 607 1677 TUSSILAGO
632 1607 715 1678 alba.

341 1721 443 1794 Tota
459 1720 592 1795 statura
615 1707 744 1814 §cum
767 1716 793 1806 9
817 1719 1015 1813 consonat,
1041 1737 1198 1817 excepto
1227 1721 1299 1798 sca-

244 1843 296 1922 po
323 1820 457 1894 altiori.
508 1819 537 1891 F
539 1817 664 1892 losculi
681 1818 829 1892 semines
849 1820 942 1892 nudi·
953 1820 1091 1893 radium
1115 1817 1301 1914 occupent
1336 1845 1338 1854 ²

245 1921 284 1996 in
312 1912 379 2011 ὥς
415 1938 462 1992 ex
486 1938 560 2010 quo
588 1915 713 2009 judico
742 1917 838 1993 illam
861 1914 889 2008 Q
913 1919 1009 1992 hunc
1033 1913 1080 2011 J
1101 1941 1168 2012 pro
1195 1932 1299 2012 patre

245 2015 450 2114 agnoscere.
503 2013 656 2120 Quodsi
681 2015 760 2108 quis
787 2014 825 2086 in
848 2015 1004 2109 reliquas
1025 2015 1130 2109 hujus
1153 2017 1299 2111 generis
1337 2106 1339 2108 =

243 2113 380 2210 species
410 2111 626 2206 inspexerit,
657 2134 745 2186 mox
773 2112 960 2204 inveniet,
996 2115 1298 2207 quamproxime

244 2215 283 2290 in
305 2207 473 2284 omnibus
500 2209 725 2284 concordare
749 2210 845 2282 illam
865 2212 1025 2305 plantam
1046 2208 1073 2303 32
1095 2233 1176 2284 cum
1201 2207 1243 2302 ῼ,
1262 2213 1299 2284 δι

244 2309 389 2406 quidem
414 2309 465 2382 ita
492 2309 666 2399 omnino,
694 2321 736 2382 ut
762 2309 906 2401 quando
935 2324 1063 2382 natura
1089 2309 1298 2390 constantes

242 2409 339 2487 inter
355 2406 504 2502 singulas
521 2405 655 2498 species
676 2405 796 2501 posuit
814 2406 969 2496 limites,
992 2406 1160 2489 videatur
1174 2421 1299 2490 tamen

243 2509 283 2583 in
303 2507 371 2582 hac
394 2504 560 2600 proprias
581 2505 677 2600 leges
700 2505 794 2598 quasi
819 2503 1022 2600 neglexisse.
1332 2500 1339 2548 Ὗ

243 2664 302 2735 25.
334 2638 363 2734 ἒ
394 2640 635 2716 DIPSACUS
660 2648 843 2718 laciniotus.

246 2756 274 2846 ῼ
306 2757 546 2834 DIPSACUS
565 2757 741 2852 fullonum.

241 2871 551 2975 Jorrsncos
572 2881 709 2978 prims.

339 2998 435 3074 Filio
456 2995 483 3090 ἕ
505 2998 627 3073 differt
650 3023 670 3073 a
691 2996 731 3086 9,
787 3022 817 3076 1.
844 3002 1075 3096 Magnitudine
1094 3027 1164 3100 qun
1189 3030 1298 3084 exce·
1337 3015 1338 3030 ¹

237 3099 305 3176 dit.
347 3121 379 3172 2.
402 3101 515 3190 Calyce
533 3097 727 3172 universali
743 3099 854 3195 magis
871 3100 1000 3194 piloso.
1042 3126 1075 3196 3.
1092 3106 1194 3180 Foliis
1213 3107 1298 3200 pin.

238 3194 410 3282 natifidis.
447 3217 483 3284 4.
499 3195 601 3268 Foliis
617 3195 687 3270 basr
702 3196 740 3270 in
753 3220 865 3271 unum
880 3200 1103 3276 coadunatis.
1142 3227 1175 3294 5.
1187 3209 1295 3300 Squa-

237 3306 299 3376 nn'r
325 3293 474 3388 capituli
501 3293 701 3387 paleaceis‚
734 3309 863 3389 praeter
883 3298 1060 3393 margines
1089 3301 1296 3396 etiamque

238 3393 397 3470 carinam
420 3390 562 3464 ciliatis.
615 3390 741 3486 Itaque
764 3415 846 3466 curn
868 3391 894 3480 9
918 3395 956 3468 in
979 3397 1295 3593 omnibuskprte·

238 3509 296 3569 ter
317 3491 379 3562 has
404 3488 562 3581 quinque
583 3488 828 3582 differentias,
855 3514 934 3584 quae
959 3515 1085 3570 omnes
1108 3496 1146 3572 in

237 3600 410 3676 currunt,
434 3587 613 3660 convenit
638 3589 762 3680 planta
786 3589 907 3664 nostra
932 3587 974 3683 ἕ.

237 3729 299 3810 26,
329 3720 357 3815 Q
391 3717 588 3798 URTICA
619 3725 798 3799 balearica
829 3728 1002 3825 pilulifera
1016 3785 1029 3819 ,
1067 3729 1149 3822 folio
1188 3756 1295 3825 ongu-

324 3822 466 4028 W&
494 3827 584 3898 caule
615 3827 740 3918 viridi,
779 3827 953 3928 balearia·
989 3831 1096 3910 Rern.
1126 3834 1235 3926 iugdb.
1258 3854 1295 3912 α,

1227 3521 1294 3572 OC·

1138 4017 1179 4116 2.
1206 4019 1297 4104 UR-
