2568 4764
273 250 342 326 252
623 231 625 236 ’
651 233 736 310 CUI
766 235 944 316 BONO?

270 434 352 492 mus
379 434 399 484 a
429 415 562 488 Caralis
586 416 805 506 majoribus,-
834 421 1044 514 sycophantas
1075 420 1191 513 diuis,
1212 425 1276 498 und

273 511 465 600 discamus,
499 509 636 584 nullum
662 513 737 584 dari
763 515 895 586 fortius
924 517 1120 590 remedium
1143 521 1177 593 in
1197 521 1276 594 horti

271 605 428 698 nostris,
460 608 522 680 ubi
544 607 655 699 folia,
683 611 793 684 liores
822 625 929 703 atque
958 615 1093 688 frudlus
1122 617 1276 706 Arbomm

274 729 379 800 quam
411 705 586 800 saepillime
614 709 745 798 quovis
775 731 872 782 anno
902 709 1100 802 spoliantur
1125 715 1167 786 ab
1191 717 1276 786 linui

271 808 525 890 Phalaenarum,
551 826 656 896 quam
680 810 816 878 Carolus
843 808 1033 903 colligere,
1059 810 1206 903 illosque
1222 833 1276 884 con·

270 905 433 992 servare,
462 903 678 994 usquedum
699 925 771 975 ova
786 902 845 976 sua
864 905 1071 998 posuerint,
1101 910 1135 980 dt
1152 924 1217 982 tum
1233 929 1276 980 ονε

270 1003 416 1072 illorum
439 999 623 1092 deponere
648 1001 691 1072 ad
711 1001 850 1074 radices
875 1004 1042 1077 arborum
1067 1005 1107 1078 in
1130 1007 1220 1101 ligno
1240 1025 1276 1098 pu

269 1096 390 1184 nido,
418 1096 501 1170 dom
525 1096 563 1169 hi
585 1099 740 1187 exclusl,
763 1098 840 1170 cito
866 1100 1013 1174 arbores
1039 1101 1276 1178 mundareutrl

271 1195 472 1289 hospitibus
496 1194 553 1266 his
578 1193 819 1289 inhospitatis.
867 1289 884 1329 o

705 1380 738 1466 §.
787 1373 889 1450 XIV.

369 1493 507 1580 Porro,
531 1491 555 1564 fi
578 1491 683 1562 aliam
705 1491 753 1560 ob
772 1490 921 1564 caussam
945 1492 988 1564 ad
1008 1515 1066 1565 res
1086 1503 1217 1564 creatas
1232 1487 1276 1562 ani

271 1613 367 1664 mum
405 1589 596 1661 adtendere
628 1587 810 1677 nolimus,
855 1589 942 1662 illud
977 1587 1058 1663 sane
1089 1591 1128 1662 in
1159 1589 1276 1662 Glon'm

273 1688 407 1760 Summi
433 1686 618 1759 Creatoris
646 1685 765 1756 facere
788 1699 887 1760 certe
914 1687 1107 1774 debemus;
1142 1709 1215 1759 cum
1232 1683 1276 1756 leil

273 1787 311 1859 in
339 1806 549 1877 unaquaque
575 1785 718 1876 planta,
745 1805 968 1876 unoquoque
993 1784 1129 1858 infesto
1152 1785 1276 1876 fingulau

272 1882 419 1975 aliquod
447 1880 670 1954 observaturi
695 1881 798 1952 srmus
820 1880 1032 1972 artificium,
1058 1883 1157 1974 quod
1179 1882 1210 1954 in
1230 1875 1276 1950 alii

272 2004 348 2054 non
383 1979 588 2052 invenimus
618 1977 845 2070 corporibus.
908 1978 978 2068 Et,
1012 1981 1110 2054 hisce
1136 2001 1210 2052 cum
1235 1973 1276 2046 ili

272 2077 510 2171 comparatis,
545 2075 773 2165 invenimus,
807 2075 906 2166 quod
935 2076 1006 2150 hoc
1046 2077 1129 2150 casu
1167 2074 1276 2168 quodau

270 2177 402 2250 facium
426 2197 502 2247 non
529 2175 591 2262 stt,
625 2173 746 2244 sedin
771 2171 880 2246 finem
905 2189 1044 2248 certum
1069 2189 1177 2266 atque
1201 2173 1276 2245 dero«

270 2276 465 2358 minatum,
498 2284 703 2362 certamque
729 2271 778 2344 ob
804 2271 975 2361 caudam,
1006 2296 1082 2365 quae
1107 2273 1166 2344 vel
1189 2281 1276 2364 propt:

270 2371 409 2469 gationi
436 2369 565 2463 plante
592 2381 654 2440 aut
670 2368 832 2440 animalis
851 2367 1020 2460 inservit,
1046 2372 1109 2441 vel
1134 2367 1275 2470 conserve

260 2471 389 2558 'tioni,
420 2469 481 2539 vel
511 2466 653 2538 ratione
688 2477 926 2558 cognatorum
958 2465 1117 2540 illorum.
1174 2465 1275 2540 Inveni

269 2592 349 2642 mus
373 2564 558 2659 quomodo
578 2565 709 2656 plante
727 2575 857 2636 contra
879 2567 1142 2640 elementorum
1159 2559 1271 2656 injurio

270 2681 377 2758 atque
415 2661 681 2733 devastationes
723 2659 929 2735 animalium
974 2663 1193 2738 conservate
1221 2657 1268 2734 bn

271 2759 456 2856 quomodo
495 2757 764 2851 unumquodvis
798 2759 927 2832 animal
965 2761 1128 2853 praelidio
1160 2753 1274 2852 quolam

270 2859 442 2956 gaudeat,
475 2878 547 2948 quo
569 2856 602 2928 se
622 2879 641 2927 a
659 2855 880 2947 reliquorum
898 2856 1204 2936 devastationibus
1219 2839 1274 2924 uel

271 2971 399 3051 queat;
424 2955 515 3028 adeo
541 2967 582 3026 ut
607 2958 687 3026 nibil
711 2953 800 3048 pofflt
823 2961 932 3048 perire
954 2980 993 3028 ex
1017 2963 1087 3042 bis,
1123 2979 1188 3052 quc
1209 2959 1273 3024 nell

215 3131 220 3144 ,
260 3073 354 3131 ἀπε.

195 3187 209 3224 ο
261 3061 293 3156 s
367 3149 532 3224 Tandem
572 3169 717 3240 quoque
757 3169 803 3219 ex
842 3148 1156 3242 contemplatione
1197 3153 1272 3218 reruu

270 3265 490 3338 creatarum,
521 3245 630 3317 visuri
663 3243 803 3334 sumus,
843 3246 939 3336 quod
969 3247 1090 3319 omnia
1126 3225 1272 3320 created

258 3350 426 3426 nostram
456 3343 557 3417 utilia
587 3343 653 3415 fint
685 3337 945 3434 nereditatem,
979 3345 1066 3416 licet
1089 3367 1165 3418 non
1195 3341 1272 3412 inne

270 3449 388 3535 diate,
414 3443 473 3516 sed
503 3443 592 3533 saepe
622 3463 686 3532 per
713 3439 903 3512 secundum
929 3442 963 3514 ἃ
985 3442 1144 3516 tertium.
1197 3436 1271 3508 lnm

270 3546 342 3634 ita,
369 3557 429 3631 ut,
457 3540 553 3632 quod
572 3539 725 3610 maxime
744 3536 852 3610 nobis
875 3561 1010 3612 nocere
1028 3555 1202 3632 putamus,
1219 3530 1271 3618 sall

259 3642 458 3736 ,plurimum
482 3637 590 3712 nobis
612 3635 792 3727 expedint.
845 3635 993 3728 Absque
1017 3637 1071 3710 his
1097 3639 1172 3710 vita
1193 3621 1271 3734 nollrl

269 3742 379 3828 longe
408 3735 515 3809 nobis
543 3735 641 3807 foret
667 3732 898 3822 difficillima,
931 3735 1157 3824 adeout,s1
1183 3727 1270 3800 earo

270 3840 305 3910 ἃ
323 3837 439 3929 Spinae
467 3855 543 3906 non
573 3829 794 3919 crescerent,
828 3843 922 3902 terra
947 3831 1068 3904 nostra
1094 3833 1201 3904 multo
1221 3815 1270 3892 till

269 3935 434 4012 sterilior.
495 3930 557 4004 Ne
590 3928 738 4003 minima
769 3928 911 4020 quidem
926 3961 929 3970 ·
944 3942 1176 4006 contemnere
1204 3917 1269 4094 des}

1213 4037 1235 4092 n
