2572 4756
276 227 345 338 332
472 229 1129 334 u1nncuunmsscronust.

368 415 511 510 Fulgura
534 417 733 493 Laternuria
762 416 878 509 dida,
914 420 1123 513 plerumque
1143 413 1280 489 summ

272 513 452 592 Americae
484 514 618 605 obvia,
650 516 876 588 tuberculum
903 539 1071 612 magnum
1103 527 1208 588 totam
1231 514 1280 586 sen

270 614 431 688 frontem
448 611 633 685 obducens
654 613 769 708 gerit,
787 611 891 706 *quod
912 615 1036 689 lumen
1053 614 1098 687 de
1111 611 1211 687 notu
1220 609 1280 705 spat·

274 711 329 810 git
348 708 633 805 fulgidissimum,
662 722 705 784 ut
726 711 813 784 loco
836 711 984 794 laternae
1008 711 1185 786 inserviat.

372 831 551 924 Eplmtera
567 833 695 901 inuria
708 827 793 926 (Fn.
807 821 979 922 Sum.)
997 826 1203 904 miraculosa
1214 825 1280 900 viic·

271 942 346 1017 tur,
364 925 475 1020 quod,
494 925 618 998 tunica
634 927 777 1018 pupule
794 927 969 1020 deposita,
981 927 1146 1022 persecu
1161 924 1280 1018 perinte

270 1048 373 1126 grum
393 1024 486 1097 diem
508 1022 573 1095 vix
590 1023 716 1114 vivat,
741 1046 815 1116 quo
833 1023 1039 1099 breviffimo
1057 1024 1220 1118 temporis
1234 1021 1280 1114 ipa

270 1127 328 1202 tio
348 1129 430 1196 aere
449 1119 664 1210 delebatur,
690 1121 834 1214 nuptias
849 1122 1030 1213 celebrat,
1058 1118 1215 1217 parturit,
1232 1139 1280 1192 uu

268 1225 444 1314 ritusque.
477 1219 583 1318 Hanc
601 1216 839 1296 admiratione
856 1219 955 1312 pleni
978 1220 1174 1308 intuemur,
1195 1216 1280 1290 &bre

269 1319 442 1396 vissimam
465 1316 581 1388 vitam
607 1316 684 1409 ejus
709 1315 805 1390 inter
832 1316 1004 1391 miracula
1037 1331 1175 1392 naturae
1197 1333 1280 1390 utne

272 1439 404 1496 ramus.

365 1536 535 1627 anlycis
557 1553 702 1626 quoque
726 1531 931 1624 folliculus,
961 1532 1058 1606 intra
1084 1547 1186 1626 quem
1207 1543 1280 1604 neb

269 1631 477 1728 morphosm
493 1629 598 1722 subit,
616 1630 710 1702 inter
720 1631 891 1703 miracula
909 1652 986 1703 non
1002 1629 1179 1704 inferiora
1190 1627 1280 1702 metito

268 1727 447 1809 recenseri
464 1727 583 1800 debet.
633 1727 802 1820 Bombyx
827 1723 928 1801 filum
948 1725 1048 1800 suum
1102 1727 1217 1802 timum
1233 1725 1280 1796 but

268 1833 428 1920 illucque
458 1823 610 1919 projicit
639 1823 683 1898 ad
715 1825 869 1898 fulcrum
906 1824 1034 1898 domus
1064 1751 1157 1916 scin,
1187 1825 1218 1898 in
1238 1839 1280 1912 qur

269 1927 354 2001 dein
373 1938 445 1997 tam
467 1921 678 2018 regulariter
695 1921 851 2016 &plano
871 1923 1000 1996 ordine
1019 1917 1083 1995 fita
1102 1921 1162 1995 sua
1174 1921 1280 1996 circm

268 2023 399 2121 ponit,
423 2033 466 2093 ut
489 2032 660 2092 trecentae
686 2020 762 2092 sere
781 2021 895 2112 ulnae,
928 2034 1123 2094 momento
1152 2015 1280 2112 temporis

268 2122 355 2198 inde
376 2117 516 2192 extrahi
542 2114 684 2210 possint.
743 2115 861 2189 Filum
887 2118 961 2190 hoc
984 2117 1157 2210 pertinax
1183 2117 1280 2200 deust

212 2257 217 2268 ·
268 2234 332 2295 aut
358 2220 446 2290 loco
471 2214 527 2286 ori
544 2214 723 2384 ¹{nosrimo
748 2213 895 2286 deducit
918 2211 983 2312 (ut
1002 2211 1194 2288 histriones
1213 2211 1280 2284 mira

268 2320 350 2392 cula
379 2313 439 2386 sua
470 2332 542 2384 con
571 2310 730 2403 cientes,
765 2311 1034 2386 multitudinem
1065 2311 1280 2408 ligaminunt

263 2400 707 2504 saucibus-producunt),
735 2409 772 2482 id
800 2431 846 2480 ex
874 2410 1027 2482 humore
1054 2409 1206 2502 quodam
1227 2423 1279 2478 con

265 2513 367 2600 ficit,
392 2507 453 2601 qui
474 2507 511 2578 in
532 2528 578 2578 eo
605 2506 761 2600 liquidus
786 2505 877 2596 fuit,
901 2504 958 2579 sed
980 2503 1162 2581 extractus
1183 2499 1279 2600 rigesci

266 2612 302 2684 dr
328 2603 566 2681 tenacissimus
589 2601 652 2696 fit,
676 2626 744 2678 nec
768 2625 880 2700 aqua,
902 2625 972 2680 nec
995 2605 1084 2678 oleo
1111 2617 1174 2679 aut
1193 2595 1279 2698 spiriti

267 2711 335 2782 bus
364 2701 579 2776 resolubilis.
1019 2753 1034 2764 .

365 2818 518 2892 Pluinna
539 2815 753 2908 Euonymella
775 2813 860 2914 (Fra
883 2819 976 2900 Su.8
1007 2807 1063 2906 1.)
1081 2835 1158 2910 prae
1174 2809 1249 2900 reliq
1266 2805 1273 2818 ‘

266 2919 320 2995 est
341 2913 536 3002 mirabilis,
575 2933 652 3004 quae
677 2914 838 3007 gregaria
863 2838 1077 2986 cumsrciis
1110 2911 1171 2987 fila
1200 2899 1278 2993 netd

264 3015 491 3096 membranas
522 3011 615 3081 texit
643 3007 897 3102 subtiliffimas,
935 3011 1030 3084 intra
1063 3031 1154 3103 quas
1184 3005 1277 3081 habia

264 3119 311 3192 ab
348 3107 508 3186 externis
541 3106 683 3198 injuriis
718 3108 843 3180 libera.
915 3106 1017 3201 Saepe
1045 3107 1108 3202 qui
1143 3091 1277 3197 eiusnos

265 3210 361 3309 apud
389 3227 458 3281 nos
491 3205 621 3295 telam,
654 3204 883 3299 longitudine
910 3205 972 3278 vel
1005 3205 1198 3278 latitudine
1227 3187 1277 3306 dud

242 3334 344 3389 ¹rum
370 3302 597 3392 cubitorum,
632 3300 863 3392 invenerint,
893 3315 937 3374 ut
959 3301 1176 3375 miraculum
1201 3295 1277 3370 osten

264 3412 376 3496 dunt,
403 3398 568 3494 quamvis
588 3399 682 3492 apud
702 3420 771 3472 nos
792 3398 1071 3493 frequentillima
1093 3398 1178 3472 satis
1194 3395 1238 3472 lt
1275 3419 1276 3458 r

363 3519 513 3614 Oejlrum
544 3515 724 3588 bovinum
758 3513 850 3612 (Fn.
884 3521 943 3590 Su.
969 3507 1097 3608 1025.)
1131 3513 1209 3610 quis
1234 3513 1276 3674 nt}

262 3611 480 3697 miraretur?
529 3610 655 3686 Musca
670 3625 742 3685 tam
757 3633 870 3706 parva
890 3635 955 3708 per
970 3619 1090 3686 adrem
1110 3612 1234 3685 volans
1253 3601 1268 3676 s

261 3719 363 3796 surro
385 3714 448 3787 suo
469 3707 589 3782 aestate
613 3707 741 3800 efficit,
765 3709 987 3792 utsexcenti
1016 3711 1135 3786 boves
1158 3695 1275 3781 maximi

258 3809 447 3892 macilenti
468 3804 721 3896 studitum,
747 3808 841 3899 quasi
864 3810 966 3881 cervi
987 3805 1197 3882 vivacissimi
1213 3801 1275 3892 suut

261 3926 407 3989 montes
425 3904 610 4000 vallesque
625 3916 786 4000 currant,
813 3925 877 3980 eos
896 3906 1060 4002 quanvis
1074 3927 1153 3985 non
1167 3891 1275 4064 pungstetl
