2654 4762
120 221 123 228 ’
244 253 316 345 462
511 245 830 329 msraucrro
862 249 1047 330 musar:

240 427 354 502 duum
375 425 609 503 mediocriter
631 431 794 507 slecetur.
845 432 958 534 Quod
981 429 1291 527 fi-pollemveri

243 522 388 620 potest,
420 545 467 623 ne
495 526 680 605 humidum
704 527 881 622 attrahat,
905 530 1050 626 egregie
1074 531 1292 628 repraesm·

243 623 301 700 bit
323 624 483 718 plantam
509 625 740 702 crescentem.
1108 671 1121 694 ··

692 793 726 881 t.
768 787 858 862 xv.

297 995 305 1020 ὁ
328 907 497 988 Secundo
515 914 689 1014 imagines
706 918 908 1013 plantarum
926 919 1293 998 accuratissimascoa·

242 1000 393 1080 sicrendi
418 1011 598 1088 rationem
632 1015 779 1092 nudam.
831 1015 952 1092 Cauiis
979 1020 1106 1094 herbae
1132 1019 1294 1116 adfigatur

243 1101 361 1178 fundo
396 1109 509 1200 uasrs3
550 1111 735 1206 aliquanto
780 1111 980 1210 superantis
1015 1117 1296 1214 magnitudinem

243 1197 386 1292 herbae3
426 1205 498 1284 hoc
530 1209 711 1290 vasculum
727 1213 935 1306 ,impleatur
963 1235 1075 1309 aqua3
1111 1215 1152 1290 in
1172 1235 1293 1307 equum

244 1295 436 1391 dejiciatur
470 1306 631 1397 pulveris
669 1308 781 1404 GYPfi
818 1309 887 1386 usti
919 1325 1091 1403 tantum,
1110 1330 1115 1339 '
1132 1327 1292 1407 quantum

244 1416 374 1488 aquam
390 1399 580 1476 absorbere
598 1406 738 1498 potesta,
763 1408 863 1500 quod
881 1408 1171 1486 continuandum
1187 1431 1294 1504 usque

245 1513 320 1585 quo
341 1517 406 1568 vus
429 1500 542 1592 gypso
564 1501 674 1576 suerit
691 1503 889 1598 impletum.
931 1507 1019 1580 Haec
1032 1505 1143 1582 massa
1158 1505 1293 1602 gypsea,

243 1587 308 1662 ubi
335 1593 522 1686 aliquanto
549 1600 771 1692 induruerit,
803 1602 950 1691 vasculo
979 1617 1128 1678 exemta
1154 1605 1293 1680 ficceur

243 1687 362 1799 probe
387 1690 422 1765 δι
446 1693 573 1786 postea
604 1698 643 1771 in
673 1699 774 1784 fumo
804 1699 1003 1792 uisuntur,
1040 1701 1295 1796 ut'plantaiu

244 1791 576 1884 cineremprorsus
609 1796 809 1892 redigatur,
846 1798 908 1891 qui
932 1800 1297 1894 cinisvperforanea

243 1877 361 1975 istud,
387 1890 486 1978 quod
503 1893 616 1965 caulis
633 1893 840 1986 reliquerat,
855 1897 1098 1972 “evacuandus
1111 1897 1182 1972 est.
1209 1897 1291 1970 'sm

243 1977 434 2058 candescat
460 1988 498 2060 in
527 1989 611 2082 igne
645 1991 774 2066 iterum
803 1992 930 2084 massa,
964 1995 999 2066 dr
1026 2017 1093 2088 per
1121 1997 1288 2082 former,

244 2087 352 2150 antea
373 2078 506 2157 dietum
523 2084 732 2162 infundatur
750 2103 936 2184 argentum
952 2091 1182 2184 purissimum
1198 2093 1289 2186 liqua-

242 2185 342 2266 tum‚
368 2176 481 2252 itaut
503 2203 630 2258 omnes
654 2186 830 2272 cavitates
854 2189 1007 2282 repleat.
1060 2191 1231 2291 Quando
1250 2211 1295 2262 ar·

144 2361 145 2367 Ν
241 2285 391 2366 gentum
431 2279 621 2374 refriguit,
660 2283 765 2368 masfa
796 2283 927 2378 gypsea
961 2301 1068 2361 caute
1105 2287 1297 2382 separetis,

242 2391 323 2461 quae
347 2373 494 2462 herbam
523 2375 618 2450 srstet
633 2393 873 2474 argenteam,
906 2380 998 2458 adeo
1023 2387 1192 2458 naturali
1220 2383 1300 2458 fimi·

242 2467 335 2559 lem,
359 2483 420 2562 ut,
447 2475 511 2552 nisr
537 2477 843 2568 colomarium,
875 2480 1026 2556 eandem
1049 2481 1125 2568 esse
1153 2485 1300 2576 jurares.

241 2562 313 2636 Sed
337 2589 419 2642 cum
443 2569 647 2654 herbarium
677 2574 751 2648 hac·
774 2575 919 2650 ratione
951 2579 1167 2674 exsurgeret
1193 2581 1303 2654 multo

241 2663 553 2759 pretiosrffirnum,
595 2692 670 2745 non
702 2671 909 2746 sustinemus
933 2674 1051 2772 ,hanc
1070 2677 1303 2768 methodum

240 2757 307 2832 nisr
323 2761 455 2855 opibus
476 2765 737 2860 diffluentibus,
761 2772 1027 2848 commendare.

674 2928 712 3016 ᾗ,
760 2919 860 2997 XVI.

342 3037 434 3116 Cum
458 3041 554 3113 circa
569 3041 694 3136 Regna
718 3027 791 3114 duo
815 3042 998 3136 superiora
1016 3043 1207 3122 fuerimus
1233 3049 1303 3122 lou·

240 3141 386 3240 giores,
411 3139 536 3232 paucis
558 3150 698 3212 tantum
723 3155 908 3236 tangemus
929 3139 1101 3233 tertium,
1129 3146 1239 3237 quod
1256 3167 1300 3219 re·

241 3241 311 3316 stat
331 3235 613 3310 memorandum.
668 3235 854 3313 Videlicet
873 3236 970 3310 circa
985 3237 1160 3332 Regnum
1187 3241 1302 3316 Mine·

240 3329 316 3410 rale
343 3357 389 3408 eo
416 3333 605 3428 pauciores
637 3333 877 3410 observandas
905 3335 1099 3428 opinamur
1126 3341 1300 3426 cautelas,

242 3433 340 3526 quod
368 3431 459 3506 nihil
478 3429 563 3504 sere
588 3431 648 3505 hic
676 3431 826 3506 ulterius
857 3434 1081 3524 requiratur,
1125 3445 1300 3530 quamdi

241 3531 458 3628 colligantur
483 3549 652 3623 corpora,
674 3529 871 3605 &colletia
890 3519 1098 3634 simpliciter
1116 3554 1294 3628 reponare

240 3646 318 3706 tur·
346 3628 438 3700 adeo
465 3647 510 3700 ue
605 3659 606 3666 ¹
1018 3705 1023 3717 ,
1073 3637 1076 3651 “

274 3759 277 3766 ·
308 3683 380 3817 ἰ)
412 3650 469 3797 Ei<
501 3723 644 3818 singulis
675 3723 854 3799 Foffilium
883 3725 1076 3821 generibus
1116 3719 1283 3817 ejusmrui

240 3825 404 3923 eligenda
433 3821 512 3895 sunt
544 3821 850 3914 speciminmx
883 3824 1012 3918 quibus
1045 3823 1232 3900 facillime
1252 3839 1292 3892 ee

236 3919 445 4020 dignoscere
468 3915 605 3993 discant
627 3931 790 4014 turones.
1080 3987 1084 3998 .
1154 4011 1276 4110 >CI

643 4067 645 4076 .
1102 4044 1153 4095 -a
1240 4039 1290 4090 o·
