2650 4762
402 231 727 372 sordonum?
802 246 813 264 “·
1015 261 1088 340 129
1118 277 1120 282 ·

64 430 201 508 nanu·
220 429 350 523 gtuua.
408 419 713 520 Foliauruffiura,
742 401 917 517 superiora
947 423 1083 522 rqiero,
1224 479 1230 490 .

111 549 268 604 concaua.
322 523 446 598 Petale
470 537 627 617 quotum,
653 521 770 618 flava,
794 522 947 593 bicornia.
996 518 1083 598 Flo,

110 649 174 701 res
200 629 308 721 primi
341 624 478 719 musculi
486 673 500 708 ,
543 621 660 716 reliqui
696 630 803 722 nutem
837 622 1086 718 hermaphroditi

104 728 204 825 sumt.
259 719 377 816 Caiyx
399 722 565 819 serratus.
1017 719 1026 736 ’
1172 725 1176 734 ’

24 955 84 1034 53.
107 931 408 1011 EUPHORBIA
437 931 592 1005 Paralius
623 929 780 1004 umbella
806 925 939 1006 sexfida
959 930 1085 1032 bifida,

123 1031 356 1109 involuceilis
390 1027 844 1123 cordato-reniformibus,
878 1027 980 1106 foliis
1012 1029 1085 1108 sur·

121 1131 191 1205 fian
217 1127 431 1224 imbricatis,

73 1251 305 1348 Tithymalus
342 1247 555 1327 maritimus.
627 1247 734 1324 Buuh.
762 1253 834 1349 pin.
853 1261 952 1348 2914
994 1242 1085 1324 Dod.

109 1366 235 1449 pempt.
252 1370 335 1443 370·
361 1343 465 1439 iu·

68 1469 306 1564 Tithymalus
331 1463 502 1562 paralius.
557 1465 644 1537 Cara.
670 1469 746 1559 epit.
760 1463 845 1558 962.

71 1592 214 1671 Huiitut
234 1597 270 1669 in
290 1587 449 1686 Europa
472 1609 570 1663 uteru
592 1590 766 1686 maritima.

394 1799 703 1889 vinus.

121 1962 188 2040 Est
208 1961 336 2037 succus
362 1961 490 2038 harum
518 1963 723 2058 plantarum
746 1961 839 2036 adeo
863 1963 1085 2064 corrofivus,

13 2077 63 2142 ut
89 2064 116 2137 fi
142 2061 297 2156 corpori
329 2059 583 2155 superveniat,
619 2061 866 2136 exulceret&
892 2063 1086 2157 corrodat3

9 2163 118 2238 unde
148 2158 216 2253 fit,
250 2173 293 2233 ut
317 2157 362 2236 ad
390 2157 556 2240 internos
589 2159 768 2232 curandos
800 2159 973 2254 morbos,
1007 2185 1087 2240 non

10 2261 89 2338 nifi
105 2279 191 2333 raro
214 2257 431 2348 admodum,
457 2277 505 2332 eo
525 2269 675 2331 utantur
696 2256 848 2332 Medici.
898 2255 949 2333 Et
966 2259 1087 2336 Arabs

14 2356 193 2449 Meiues,
216 2354 478 2432 Medicus-sua
506 2355 622 2430 aetatis
648 2351 701 2428 sut
725 2354 907 2450 inclytus,
933 2357 977 2429 ab
1007 2358 1086 2452 ejus

15 2453 116 2545 usu,
141 2477 221 2530 cum
237 2453 391 2532 internis
417 2452 623 2531 mederetur
637 2451 798 2542 morbis,
827 2454 934 2547 plane
955 2455 1085 2530 abhor-

8 2553 112 2632 ruit
160 2551 371 2642 Africanis,
410 2549 553 2646 sagittas
588 2549 806 2644 Euphorbio
844 2573 1014 2648 ungere,
1043 2567 1101 2628 ut.

14 2649 187 2726 ostibus
211 2648 361 2723 lethalia
384 2647 593 2745 infligerent
623 2647 919 2740 vulnera,·olim
944 2671 1086 2732 morem

0 2749 148 2842 uiue,
184 2747 335 2826 tradunt
361 2745 537 2824 auuores.
594 2743 820 2822 Hortuianus
849 2747 962 2822 Horti
988 2749 1085 2824 Aca·

8 2847 155 2924 emici
171 2843 500 2942 toguano-Batavi
521 2844 641 2920 cultro
659 2843 756 2918 forte
774 2845 984 2939 amputabat
1001 2870 1085 2924 cau·

2 2951 140 3022 icem
160 2943 407 3038 Euphorbiae,
434 2963 541 3036 quem
561 2963 645 3018 cum
666 2940 841 3036 postridie
864 2943 903 3020 in
927 2943 1084 3021 inseren-

0 3070 54 3120 .o
77 3041 179 3120 ess'et
191 3055 416 3136 occupatus,
441 3061 507 3116 ore
523 3040 694 3132 tenebat,
719 3061 762 3114 os
779 3041 986 3140 collumque
1005 3043 1085 3136 ejus

0 3147 113 3220 deo
148 3139 254 3216 fuere
283 3139 527 3232 inflammata,
563 3152 606 3236 ut
625 3139 651 3213 s1
672 3135 846 3214 Medicos
871 3138 1084 3215 consulendi

0 3241 170 3320 ccafio
200 3237 254 3312 iili
286 3235 406 3312 fuiiiet
435 3236 632 3334 denegata,
669 3233 716 3308 de
742 3237 820 3328 ejus
853 3236 933 3312 vita
965 3237 1085 3316 atium

1 3338 155 3419 :uiss‘et
210 3339 308 3410 Ciani
337 3334 493 3430 pedum,
524 3335 680 3427 {inhujus
710 3329 817 3408 filccu
846 3335 1083 3430 inungantur,

14 3455 84 3513 ‚ta
123 3433 250 3528 quanti
282 3431 514 3508 evanescunt.
565 3431 603 3506 Si
633 3431 672 3506 in
701 3431 895 3526 Oimioigia
915 3426 1085 3526 pellenda

0 3578 1 3581 π
47 3525 182 3612 n⁰dem
207 3531 355 3606 adhibet
377 3529 568 3624 Medicus,
595 3530 658 3602 vel
675 3528 906 3606 immittendo
930 3531 1084 3608 cavitati

0 3632 146 3712 entis
178 3629 403 3725 gutaulum.
430 3627 475 3702 ad
497 3651 532 3720 a,
560 3625 691 3718 efficit,
716 3641 780 3720 ut,
801 3642 923 3703 nervo
948 3629 1084 3704 destru-

0 3747 61 3808 ιο
74 3785 95 3824 ‚
143 3727 231 3802 dens
255 3725 488 3816 dissolvatur3
513 3727 575 3802 vel
597 3725 808 3821 inungendo
836 3747 936 3823 pone
961 3739 1086 3803 asueni

0 3878 3 3887 ,
51 3829 223 3919 'dquam
256 3847 303 3902 ex
335 3823 489 3916 eodem,
528 3823 662 3902 vefica-
677 3823 763 3900 inde
798 3822 978 3922 exfirrgit,
1017 3837 1084 3919 pet

12 3947 135 4006 uam
154 3923 323 4002 humores
338 3943 439 4000 acres
454 3919 699 4005 secernunuu.
749 3921 849 4027 Hinc
862 3943 950 4024 2380
965 3933 1131 4038 pstea„
1277 3983 1282 3993 ·

53 4021 256 4106 Tamus.
373 4064 378 4073 ·
568 4017 653 4095 -1
966 4017 1139 4114 dium·
