2654 4762
216 263 292 338 454
481 241 800 322 INSTRUCI'IO
829 236 1003 320 MUSEI.

217 425 318 498 lanu
362 415 545 497 sarciteilae
588 425 781 522 diligenter
814 436 1029 517 arceantur,
1078 441 1163 517 quae
1189 422 1217 498 fi
1243 421 1285 498 at

219 523 343 595 avium
376 519 496 596 hacce
527 524 710 598 simulacra
745 522 978 614 accesserint,
1013 541 1108 595 mox
1144 519 1284 616 periisse

218 617 396 692 censenda
412 619 502 694 sunt.
553 621 663 697 Unde
684 626 705 695 'e
726 645 767 696 re
787 622 897 695 etiam
916 620 987 695 effe
1003 619 1179 712 videtur,
1200 634 1283 692 vere

218 717 371 790 ineunte
391 740 433 790 ea
454 719 491 792 in
510 719 618 794 furno
637 719 771 794 leviter
786 721 940 811 siccare,
965 730 1029 809 ut,
1053 718 1083 792 fi
1103 717 1172 810 qui
1195 715 1274 790 aceri

216 815 325 888 sorte
339 837 382 888 ea
402 815 594 908 infestent,
622 819 686 914 ipsr
706 831 906 910 necentur,
934 827 1043 910 atque
1067 815 1169 890 aedes
1186 814 1275 889 oon

217 912 393 1006 cynthide
425 911 664 1014 srrffumigare.
735 913 882 1014 Pafferes
911 913 1039 990 itidem
1074 913 1280 1010 inconupti

217 1010 259 1084 in
282 1014 339 1107 Sp.
359 1015 399 1084 V.
427 1029 585 1088 manent

314 1100 359 1200 4)
388 1109 565 1206 Ampttbta
595 1133 710 1210 aegre,
747 1111 813 1186 nifi
843 1109 881 1186 in
913 1113 971 1208 Sp.
998 1111 1040 1184 V.
1077 1106 1283 1200 servarem,

216 1205 270 1280 ita
286 1221 329 1280 ut
342 1208 452 1280 facies
474 1207 628 1283 &color
642 1220 806 1300 maneat,
831 1207 889 1283 sed
906 1231 953 1282 eo
970 1229 1048 1282 non
1066 1204 1279 1294 fortiffim03

216 1323 302 1378 nam
326 1306 351 1379 sr
376 1303 581 1382 fortissimus
609 1306 740 1398 fuerit,
773 1306 972 1401 periculum
996 1303 1072 1398 est,
1101 1327 1154 1380 ne
1175 1325 1278 1378 exco-

216 1401 381 1492 rientur3
412 1418 633 1498 quapropter
653 1405 816 1498 pauxillo
829 1407 980 1479 Scortari
996 1403 1128 1476 addito
1145 1401 1280 1496 mitige-

217 1514 289 1574 tur.
338 1501 471 1594 Excipi
494 1515 614 1575 tamen
640 1502 726 1576 hinc
751 1502 895 1597 poliunt
912 1501 1162 1590 Testudines‚
1193 1521 1279 1592 que,

215 1598 329 1672 etiam
350 1599 507 1690 siccate,
537 1601 739 1674 incolumes
768 1598 977 1694 persistunt,
1003 1598 1039 1674 δι
1063 1597 1112 1672 ab
1141 1597 1278 1692 inimiis

217 1695 432 1770 insertorum
457 1699 667 1790 pierumque
691 1699 814 1770 liberae
839 1697 930 1772 sunt.

307 1785 359 1885 ’5)
386 1795 497 1891 Pisces
522 1795 559 1869 in
580 1801 640 1892 Sp.
657 1800 698 1872 V.
720 1795 853 1869 servari
874 1795 1031 1886 debent,
1056 1805 1283 1888 quapropter

217 1889 414 1984 specimina
437 1893 580 1966 minora
602 1895 689 1983 sint,
717 1915 799 1966 cum
813 1891 1025 1989 magninrdo
1042 1892 1107 1966 hic
1130 1911 1278 1966 nonm-

216 1989 291 2063 riet
315 1988 458 2062 faciem.
521 1991 595 2092 Qui
621 2013 714 2066 vero
741 1989 857 2064 Pisces
883 1990 1022 2088 glutine
1047 1989 1163 2063 obliti
1195 1987 1272 2076 fimi,

217 2086 339 2182 primo
356 2107 422 2180 per
441 2085 517 2159 dies
534 2089 676 2181 aliquos
690 2091 748 2184 Sp.
762 2090 802 2160 V.
823 2088 1084 2182 pollingantur,
1114 2107 1196 2180 quo
1212 2087 1271 2181 giu·

218 2198 284 2259 ten
308 2186 533 2278 aliquatenus
560 2185 769 2275 induretur,
795 2185 926 2260 deinde
949 2187 1021 2258 hoc
1043 2183 1279 2280 abstergatur,

217 2296 262 2356 ut
287 2283 451 2356 colorem
477 2282 642 2356 nativum
664 2289 901 2377 recuperent,
928 2303 1000 2376 quo
1024 2281 1127 2355 sesto
1152 2283 1280 2356 iterim

217 2380 261 2453 in
288 2384 315 2454 S
338 2382 402 2453 .V.
429 2379 632 2455 mittantur.
683 2378 791 2452 Circa
821 2379 988 2454 animalia
1013 2401 1134 2474 porro
1165 2377 1283 2454 obser·

219 2499 294 2552 van
319 2498 379 2550 um
401 2477 473 2569 est,
501 2477 582 2570 illa,
610 2501 682 2572 quo
706 2477 913 2552 recentiora
939 2477 977 2550 in
1000 2479 1058 2573 Sp.
1075 2479 1118 2550 V.
1146 2477 1284 2551 demer-

218 2588 375 2747 {untum
402 2574 639 2670 &precipue
664 2576 690 2650 fi
713 2574 804 2649 viva
829 2575 1094 2668 innnittuntur,
1121 2593 1172 2650 eo
1198 2597 1284 2650 con·

252 2671 371 2746 antius
394 2675 558 2747 colorem
580 2673 752 2746 retinere.
840 2729 844 2738 .

321 2761 365 2858 ὁ)
396 2770 542 2864 Piscium
567 2771 676 2846 etiam
707 2769 848 2844 exuviae
880 2770 1010 2844 eodem
1037 2768 1174 2864 pastu,
1213 2793 1287 2866 quo

220 2867 363 2956 herbe,
390 2866 604 2962 adglutinari
622 2868 754 2940 chartae
779 2879 935 2960 queunt3
962 2867 1071 2941 Piscis
1083 2866 1134 2940 sc.
1149 2891 1285 2961 nuper·

221 2966 314 3040 rime
339 2964 439 3057 aquis
464 2979 628 3039 exemtus
649 2963 885 3055 demortuus,
911 2962 1084 3038 affercrdo
1107 2965 1289 3060 adfigatur

222 3086 296 3158 ope
318 3062 556 3154 acicularum,
581 3063 758 3156 primores
780 3061 930 3154 quosvis
952 3061 1146 3156 pinnarum
1161 3063 1286 3136 radios

222 3159 509 3257 perimentium,
549 3159 647 3234 &in
675 3161 798 3234 calore
828 3157 912 3232 solis
940 3159 1104 3232 ficcetur.
1156 3159 1284 3236 Pinnis

224 3259 410 3350 arefactis,
435 3257 586 3332 alterum
604 3257 710 3352 piscis
724 3260 816 3330 latus
833 3255 898 3329 soli
917 3256 1134 3330 obvertatur
1157 3257 1286 3332 itidem

222 3356 446 3447 siccandum,
472 3369 561 3430 tunc
575 3377 667 3429 vero
685 3375 762 3429 non
778 3373 871 3446 opus
889 3351 955 3446 est,
979 3367 1021 3428 ut
1035 3354 1192 3429 aciculis
1206 3355 1283 3452 pirr-

223 3475 278 3526 nae
304 3452 477 3526 aiscrculo
506 3452 729 3550 adfigentur,
761 3447 889 3525 sufficit
913 3451 1009 3526 enim
1033 3450 1150 3546 ipsum
1181 3451 1282 3548 piscis

223 3565 392 3622 truncum
410 3550 453 3622 ad
476 3550 683 3624 affercuium
700 3548 898 3624 admoveri.
947 3545 1047 3623 Dum
1069 3550 1208 3624 siccata
1226 3573 1278 3623 cu-

222 3647 271 3720 tis
289 3645 361 3736 est,
387 3645 420 3718 ds
441 3669 461 3718 a
479 3669 587 3721 carne
609 3647 763 3736 fatiscit,
789 3645 946 3720 findatur
965 3647 1205 3742 corpus‚·sed
1220 3647 1268 3736 in,

222 3759 266 3818 ut
283 3746 327 3817 ab
349 3767 395 3816 eo
419 3747 553 3834 latere,
578 3745 677 3837 quod
700 3743 884 3840 postremo
912 3743 1132 3839 siccabatur,
1164 3747 1267 3842 pinoe

224 3865 305 3916 cum
337 3854 421 3916 cute
447 3843 665 3916 cohereant.
716 3841 811 3915 Tum
837 3841 872 3913 &
893 3842 1009 3935 cutis,
1043 3841 1108 3916 illa
1134 3859 1275 3934 nempe,
1320 3921 1321 3946 χ

223 3961 328 4036 quam
344 3939 413 4016 suis
429 3937 634 4016 instructam
648 3940 771 4040 pinnis
794 3941 986 4036 volumus,
1016 3961 1037 4014 a
1057 3939 1279 4112 pinguedffie
1320 3947 1321 3985 Ν

1261 4075 1273 4088 ·
1319 4065 1320 4100 i
