2654 4762
306 267 377 363 ³84
484 248 835 328 meramnum
861 209 1148 332 aornmcr's.

304 455 381 530 quae
407 431 516 505 etiam
538 430 693 524 septem,
717 431 779 526 vel
803 429 887 504 ouo
914 441 1055 506 tantum
1078 432 1275 527 plantarum

301 556 358 610 res
386 530 602 619 continent,
632 527 835 622 adplaudit3
864 528 1083 604 Vaiiiantius
1113 531 1196 606 etian
1215 529 1274 602 deir-

301 651 409 724 ceps,
442 629 479 710 in
512 626 762 701 enumerandis
792 623 922 702 florum
952 629 1171 722 compofitormn
1193 627 1295 720 speciop

299 729 390 816 bus;
421 724 460 800 in
486 723 572 797 auis
592 721 754 796 Parisrnis
779 735 884 817 1718.
910 745 1015 819 1719.
1043 731 1139 820 ¹7²0·
1158 723 1273 814 methodo

296 825 414 900 utitur
439 819 667 912 exaiiissima,
692 820 797 913 seque
826 820 985 904 ostendit
1005 821 1131 916 majori
1148 819 1272 896 friscini
1294 839 1295 908 j

300 917 665 1014 butum-cognitione
693 919 916 1010 plantarum,
951 941 1057 1014 quam
1085 940 1215 1012 unquam
1233 915 1273 1006 di,

300 1021 361 1114 qui
391 1019 435 1092 de
459 1015 590 1112 plantis
621 1015 813 1110 quidquam
840 1037 922 1090 cum
947 1015 1050 1090 Orbe
1078 1016 1202 1090 erudito
1221 1033 1274 1086 mn·

297 1117 538 1194 municarunt.
588 1114 726 1186 Multas
750 1112 847 1186 enim
869 1135 945 1186 non
968 1113 1103 1205 solum,
1133 1126 1202 1188 ante
1219 1109 1274 1182 iim

299 1217 464 1312 ignotas,
492 1209 550 1285 sed
568 1211 675 1284 etiam
689 1211 759 1302 jam
779 1211 917 1304 pridem
938 1211 1116 1302 detestas,
1140 1207 1275 1304 magnust·

298 1315 389 1386 bore
409 1325 516 1402 atque
533 1305 650 1381 studio
674 1307 769 1402 apud
786 1307 964 1394 Autiores
986 1303 1269 1405 evolvitffiidiu
1294 1339 1295 1342 ¹

299 1407 429 1503 majori
452 1403 623 1480 industria
650 1406 812 1480 omnium
833 1406 1058 1482 examinavit
1080 1405 1200 1494 flores,
1215 1399 1270 1488 iint
1294 1451 1295 1464 r

299 1504 574 1592 accuratissime,
600 1523 731 1596 easque
753 1502 880 1607 postea
895 1503 939 1578 ad
962 1525 1101 1578 novam
1120 1497 1295 1584 methodo,

236 1685 240 1696 ,
298 1617 466 1696 certaque
485 1622 638 1696 genere,
665 1601 813 1692 reliquis
834 1601 1002 1684 omnibus
1022 1599 1205 1697 rigorosus
1223 1593 1295 1680 rede,

296 1702 360 1799 git.
410 1699 528 1792 Hujus
555 1700 728 1770 Botonicon
759 1699 955 1793 Porifienfie,
983 1720 1077 1794 opus
1100 1696 1278 1794 posthumo

295 1795 554 1874 obstetricante
581 1794 818 1887 Boerhaavio,
842 1795 999 1890 prodiit,
1032 1796 1071 1872 in
1098 1819 1186 1892 quo,
1206 1785 1282 1881 inigd

166 1943 173 1958 ·
293 1893 497 1989 &speciali
527 1891 678 1985 quadam
712 1915 821 1983 cura,
858 1891 1087 1968 minutiiiima
1114 1883 1285 1987 uegeauu

294 1991 452 2068 examini
471 1989 643 2083 subjecit,
666 1989 874 2072 obscuriora
897 1991 1117 2084 enodando,
1142 1989 1295 2084 synonpui

296 2088 528 2179 extricando,
554 2084 734 2182 &figuris
758 2087 1110 2184 magnificentissimis
1129 2077 1287 2164 exornando

294 2184 612 2280 minumcognita,
656 2183 691 2256 &
718 2185 813 2258 inter
843 2185 919 2260 haec
942 2189 1151 2282 permultos
1177 2178 1290 2264 umas,

172 2347 174 2352 ,
294 2306 493 2384 eorumque
518 2281 639 2356 affines
661 2281 847 2375 produxit.

389 2443 552 2498 RUPPIUS
577 2421 613 2493 dc
637 2442 877 2516 oraremus,
919 2425 1012 2515 quasi
1042 2425 1181 2514 emuli,
1209 2413 1293 2494 hicn

293 2526 403 2599 Flora
419 2520 477 2595 sua
492 2517 662 2610 Gissensr,
686 2521 746 2593 ille
757 2543 849 2593 vero
865 2521 903 2596 in
915 2519 1026 2598 Flora
1036 2523 1181 2620 Jenenfi
1191 2517 1284 2616 (nis-

292 2619 476 2698 rarissimas
491 2617 728 2708 minimasque
747 2619 895 2710 herbas,
920 2643 997 2710 quae
1013 2634 1123 2695 antea
1138 2613 1265 2693 industri

99 2683 102 2690 Ι
163 2717 164 2722 ‘
291 2715 553 2794 Botanicorum
580 2713 780 2808 eluserunt,
806 2717 1015 2810 perquirere
1037 2719 1112 2795 ausi
1138 2717 1223 2793 sunt.

389 2882 603 2954 minuemus
633 2877 764 2952 famam
787 2877 1036 2974 sempiternam
1066 2882 1136 2957 iibi
1161 2901 1257 2972 comp

291 2977 372 3067 vit,
400 2973 647 3050 minutissimos
669 2973 872 3072 detegendo
893 2977 1050 3074 Muscas,
1076 2979 1206 3153 infin
1227 2975 1290 3050 adii

291 3075 375 3150 dum
399 3073 552 3146 latentes
577 3073 749 3147 tenebris.
799 3073 897 3148 Nam
926 3077 1090 3168 quamvis
1179 3077 1225 3174 gii
1294 3155 1295 3168 χ

292 3172 454 3262 latiores,
473 3169 511 3244 iri
522 3169 594 3244 hoc
605 3168 681 3264 ipso
698 3171 910 3266 argumento
920 3187 996 3248 non
1006 3197 1138 3270 parum
1151 3173 1289 3249 desudat

290 3271 386 3360 rint,
409 3266 574 3365 gordiiun
591 3279 716 3342 tamen
743 3269 840 3344 hunc
862 3293 938 3345 non
963 3271 1221 3368 explicarunt,
1243 3271 1290 3362 cn*

289 3364 510 3442 solutionem
530 3365 641 3440 Flora
661 3365 828 3441 Dillenio
850 3367 1110 3444 reservaverat.

383 3526 484 3600 Idem
518 3526 663 3600 Hortum
694 3528 925 3625 Eitbamensem
958 3529 1071 3604 edidit
1109 3553 1271 3630 17320

288 3625 592 3722 pretiosissimum,
619 3645 751 3719 magno
771 3628 834 3702 suo
853 3628 999 3722 dignum
1021 3621 1217 3722 ’Λιιᾶοπες
1240 3651 1278 3724 qu

288 3726 329 3799 in
355 3723 426 3796 hoc
456 3743 570 3814 opere
599 3722 694 3799 sistat
725 3726 925 3818 plantarum
951 3725 1210 3804 rarissimarum
1238 3749 1290 3802 rm

287 3844 382 3898 mani
405 3821 571 3914 copiam,
596 3843 677 3894 cum
703 3821 967 3898 acemanffimis
990 3825 1275 3921 elegantiffimn

286 3919 323 3994 dr
341 3919 490 4018 propria
510 3939 619 3996 manu
643 3919 838 3998 elaboratis
861 3918 1004 4022 figuris,
1035 3899 1295 4092 descriptioni}

1241 4037 1290 4116 ²²i
