2568 4764
289 191 700 292 undamentum·
942 227 1021 302 nnn

13 395 60 470 tici
76 391 179 468 ninus
204 391 247 468 lit
271 393 414 488 gravis,
554 413 571 464 s
600 391 712 488 magis
741 388 1022 494 adstringens&

13 489 190 586 glutimlvs,
212 511 331 584 neque
353 487 441 584 poili
466 502 526 564 eat
548 489 756 566 facultatem
784 489 931 570 salivam
957 521 1020 574 co.

13 591 64 662 lore
79 593 170 664 luteo
195 587 381 684 tingendi,
409 601 452 662 ut
472 587 754 662 Rhabarbarum.

75 691 201 762 statius
229 683 453 760 Rhabarbari
482 683 759 778 illummatus,
788 689 1023 790 confringen.

13 783 65 856 lun
83 783 145 876 est,
168 785 206 858 a
223 782 333 860 frusta
351 803 428 857 non
447 781 603 874 cariosa,
630 783 835 876 necteria,
862 809 930 864 nec
951 815 1023 886 pu.

13 879 70 952 nida
86 895 142 956 eut
163 881 231 958 sttu
250 879 427 978 obdens,
454 879 617 978 eligenda
642 879 733 960 sunt
785 881 815 958 F
816 885 920 960 rustic
942 892 1020 964 cxi·

13 977 77 1070 glis,
103 979 139 1052 vi
164 981 378 1078 plerumque
409 976 647 1074 gaudentibus
672 977 861 1074 debiliori,
889 1007 1019 1070 cumn

14 1073 100 1164 ulands
133 1077 285 1152 nimium
311 1073 446 1150 teneris
478 1071 749 1170 defuntcum,
778 1091 819 1154 ut
844 1081 894 1156 cst
920 1085 1017 1178 justo

17 1174 180 1270 minibus,
213 1197 297 1250 cum
319 1171 497 1251 difficilius
519 1171 719 1267 siccentur,
752 1175 815 1250 nisr
833 1181 1018 1274 perforata
1095 1225 1100 1236 ·

13 1265 66 1364 lint,
84 1295 152 1349 non
178 1271 233 1350 est
256 1271 452 1349 fidendum.

354 1457 623 1542 DOSES.

71 1605 167 1698 cxl.
201 1603 304 1702 Dofis
318 1605 541 1682 Rhabarbari
559 1605 611 1680 est
626 1605 663 1680 in
677 1603 1018 1686 substantinDrach·

13 1723 58 1789 m,
75 1703 160 1796 quod
184 1699 446 1800 pulverilatum
464 1705 513 1778 ob
529 1703 675 1780 nimiam
700 1703 799 1780 dolio
819 1705 1016 1784 &difficul

13 1815 79 1872 aun
94 1801 126 1876 id
147 1826 233 1880 cum
257 1801 432 1880 vehiculo
451 1799 622 1879 miscendi
644 1801 746 1913 egris
768 1804 874 1878 valde
890 1805 943 1880 est
962 1808 1016 1884 in-

13 1915 111 1988 gmrm.
166 1901 257 1976 Hoc
293 1899 595 1974 medicamentum
626 1897 830 1976 tutrffimum
858 1925 1015 2002 purgans

13 1991 54 2086 tl,
72 1997 159 2090 quod
177 1999 271 2074 oiim
288 1997 553 2094 Odogenarius
572 1997 716 2092 quidam
733 1999 842 2074 etiam
858 1997 1016 2096 alieruit,

13 2091 98 2180 vviab
125 2097 299 2172 omnibus
330 2091 408 2170 aliis
437 2093 731 2190 medicamentis,
762 2109 892 2192 prater
919 2099 1014 2174 Rha·

13 2189 177 2288 sobarum,
216 2195 411 2290 deceptum
439 2190 475 2266 sc
505 2192 698 2286 aliquando
732 2191 834 2268 fuille
869 2195 1014 2272 latetur.

13 2277 104 2362 idcirco
120 2291 286 2384 Medici,
312 2313 393 2366 cum
416 2287 504 2364 illud
522 2303 595 2364 tam
613 2291 708 2386 larga
725 2289 798 2366 dosr
814 2293 1016 2370 exhibitum

14 2381 68 2488 alto
80 2371 285 2466 nauieosum
304 2387 494 2480 viderent,
516 2385 663 2461 modum
681 2387 828 2462 fuerunt
849 2389 1012 2466 meditati

14 2483 149 2562 nninori
167 2487 267 2580 doli,
291 2485 325 2562 dt
341 2485 420 2582 pari
435 2499 650 2560 tamencum
664 2483 809 2578 effectu
827 2485 912 2560 illud
928 2509 1014 2584 pro·

14 2573 125 2658 nod:
148 2599 298 2660 veteres
313 2583 422 2682 igitur
437 2583 575 2656 Medici
591 2579 804 2658 addiderunt
819 2583 1011 2662 Antimon.

14 2669 174 2770 liaphoret
197 2681 244 2758 nd
258 2683 355 2756 vires
372 2679 626 2778 duplicandas,
655 2681 879 2756 recentiores
904 2705 1029 2779 vero,·

15 2791 85 2880 tona
104 2781 307 2874 quoddam,
333 2779 368 2854 dt
392 2777 546 2852 maxime
572 2767 805 2874 prescrrlnmt
829 2777 1010 2858 Rhabarb.

15 2879 153 2968 mpuos
178 2879 274 2956 duos
294 2879 330 2952 dc
346 2875 573 2952 Cinnamom.
592 2877 734 2972 pulver.
755 2873 981 2974 Scrupulum.

69 2995 147 3094 Tolli
169 2997 215 3073 ad
234 2995 454 3072 Drachmam
477 3017 558 3070 cum
576 2993 708 3070 semilie
725 2995 851 3070 eadem
870 2995 908 3068 vi
927 3019 1009 3091 pur·

16 3101 90 3184 ute,
111 3117 178 3190 qua
195 3095 314 3174 Rhab.
334 3091 612 3267 Crudiffaudet,
635 3093 810 3188 majorem
827 3113 919 3166 vero
937 3093 1010 3167 vir·

16 3199 78 3262 tten
97 3191 372 3292 adstringentem
397 3211 447 3286 po
473 3191 558 3266 rdet.
605 3187 879 3266 Observandum
901 3189 1011 3265 etiam

16 3279 46 3372 l,
65 3291 152 3384 quod
176 3289 447 3366 Rhabarbarurn
474 3291 512 3364 in
540 3285 734 3364 substantia
756 3285 1010 3368 vehementius

17 3399 110 3482 urget,
134 3408 240 3484 quarn
262 3389 302 3466 in
322 3387 462 3481 infuso,
486 3385 640 3464 tinsturn
662 3391 725 3459 aut
748 3384 923 3460 extracto.

61 3503 190 3580 Verum
204 3505 349 3600 quidem
369 3501 433 3598 est,
459 3503 633 3576 virtutem
645 3497 867 3575 ernbarbari
890 3497 927 3572 in
940 3519 1009 3572 vo·
1073 3489 1077 3507 '

17 3593 62 3702 [issi
80 3601 230 3694 quodam
252 3601 435 3698 precipue
459 3599 671 3690 consistere,
698 3598 798 3692 quod
819 3595 931 3672 nimie
952 3611 1010 3672 to·

17 3709 82 3768 tone
103 3698 275 3796 exspirem
306 3721 387 3774 cmn
406 3719 498 3772 vero
515 3699 592 3772 hec
610 3695 722 3770 tostio
740 3715 818 3770 non
843 3694 925 3792 igne
945 3715 1010 3766 ve.

18 3795 142 3888 lum,
162 3795 222 3874 sed
240 3797 320 3872 leni·
339 3795 564 3888 instituatur,
587 3807 715 3890 partes
735 3795 813 3888 ejus
835 3791 1007 3866 volatiles

18 3893 138 3972 lairen
152 3895 218 3972 vix
236 3895 385 3972 evolare
398 3891 569 3992 pollunt3
595 3892 867 3970 Rhabarbarum
883 3891 1008 4058 inoffi
