2578 4770
104 319 107 328 ψ
199 359 202 362 ,
238 277 315 354 ’ῐ68
525 265 694 344 MORBI
709 261 791 344 'EX
822 263 1020 346 HYEME.

245 448 339 524 cella
365 444 537 522 saeviente
560 471 650 550 mou
675 445 866 542 postquam
892 446 1087 538 ceciderit,
1107 447 1276 524 fertura

243 568 292 620 ea
318 547 673 636 loca‘catervatim,
711 545 774 618 ubi
805 543 1031 618 obstaculum
1064 546 1236 636 invenit,
1271 572 1276 622 ι

243 643 369 737 sepes,
409 644 592 740 parietes,
630 643 795 716 elevatos
828 642 989 736 lapides,
1025 657 1065 716 ut
1093 645 1157 718 hic
1190 661 1276 718 cont

245 739 428 824 funestum
465 741 548 838 gelu
585 741 825 814 defendantur
861 739 992 814 semina
1033 741 1232 816 herbarum
1267 763 1276 816 t

243 838 359 936 pulsa.
411 839 487 912 Ubi
510 837 660 933 copiosa
683 838 733 910 est
752 861 860 911 arena
877 861 951 912 non
972 862 1038 932 per
1056 841 1211 934 longum
1229 855 1276 912 ter

247 960 318 1033 pus
338 951 474 1010 manet.
524 939 677 1012 Montes
701 938 795 1009 altos
811 935 845 1009 n
860 932 1195 1012 finvestresidiutius
1214 935 1276 1030 tegi

248 1057 356 1129 quam
392 1034 560 1130 planities
596 1034 713 1108 vastas
740 1033 960 1108 &humilen
1028 1034 1071 1108 In
1099 1035 1276 1112 nemoriu

246 1132 361 1228 magis
391 1128 514 1225 quieta
550 1145 818 1218 commoratur,
853 1129 943 1224 saepe
968 1133 1011 1206 ad
1036 1155 1211 1228 magnam
1240 1155 1276 1226 pa

247 1243 323 1305 tem
342 1230 463 1319 veris,
490 1253 536 1304 ne
554 1232 747 1308 herbarum
763 1227 981 1304 debiliorum
999 1230 1215 1318 seminibus,
1240 1251 1276 1321 qu

246 1327 302 1402 ibi
334 1327 595 1416 inveniuntur,
625 1350 722 1401 noxa
745 1327 926 1400 adferatur
947 1351 1012 1424 per
1040 1328 1276 1402 inclementia

246 1425 355 1500 aeris.
406 1425 517 1500 Unde
537 1425 598 1520 qui
619 1425 764 1498 Rubum
779 1425 948 1499 artticum
970 1425 1051 1499 vult
1071 1427 1209 1520 hyeme
1229 1445 1276 1498 cot

246 1521 428 1602 servatum
454 1523 491 1596 in
518 1523 657 1612 hortis,
683 1538 787 1620 agat,
813 1537 854 1594 ut
882 1523 969 1597 nive
997 1537 1160 1620 tegatur,
1197 1525 1276 1598 dont

250 1621 558 1719 preterfluxerint
580 1622 718 1696 tetricae
737 1621 772 1695 &
788 1620 954 1718 gelidosae
979 1623 1079 1698 veris
1100 1623 1243 1698 nottes.

692 1862 726 1950 §-
774 1855 875 1930 ruu.

349 1986 521 2066 Piumulae
546 1990 615 2064 ine
638 1987 758 2063 niueae
777 1991 814 2064 in
827 1989 976 2064 fortiori
997 1991 1135 2088 frigore
1155 1991 1276 2067 minen

252 2091 355 2175 sunt3
380 2086 591 2162 subhumido
615 2094 698 2161 aere
717 2089 910 2181 ampliores
931 2087 1182 2186 &facile'per
1204 2090 1236 2164 sc
1257 2089 1276 2162 s

253 2189 385 2266 lubiies
418 2185 666 2260 observantur.
735 2187 792 2258 Ut
824 2187 888 2260 nix
917 2185 960 2258 ad
992 2201 1124 2262 terram
1161 2185 1276 2261 accesit

254 2285 438 2361 interdum
479 2284 660 2374 remittit,
703 2284 883 2381 interdum
919 2282 1148 2377 exasperatur
1189 2287 1276 2378 frigu

255 2381 449 2462 secundum
489 2383 696 2478 Muschmir.
732 2404 915 2474 nunquam
957 2395 1078 2456 tamen
1110 2385 1276 2477 hyemsa

251 2474 367 2574 elapsu
398 2478 544 2574 frigoris
581 2479 752 2574 pervenit
788 2479 913 2572 prius,
953 2503 1059 2574 quam
1099 2493 1198 2555 terra
1227 2477 1276 2552 niu

251 2581 370 2658 fuerit
402 2576 567 2650 obdufta.
619 2576 661 2651 In
692 2577 872 2650 constanti
907 2578 1038 2671 hyeme
1067 2580 1186 2654 rarius
1220 2573 1276 2650 cad

250 2676 406 2765 eadem,
436 2696 542 2765 quam
567 2673 710 2766 quando
736 2673 916 2748 continuo
946 2675 1161 2749 remittit&
1187 2669 1276 2748 iteru

258 2774 402 2848 acuitur
433 2772 526 2864 gelu.
600 2772 757 2876 Quando
787 2772 852 2844 nix
885 2772 935 2846 est
965 2795 1114 2864 recens,
1159 2749 1276 2848 laxaes

259 2873 338 2964 ejus
356 2867 475 2958 massa,
499 2867 556 2941 sed
571 2891 673 2942 mora
689 2871 895 2959 collabitur,
911 2871 944 2943 dt
961 2871 998 2944 in
1017 2869 1205 2965 superficie
1221 2869 1276 2961 eju

257 2967 477 3067 potissimum
507 2965 608 3040 fisol
633 2965 878 3060 explendescit
904 2969 1148 3061 aliquantum,
1181 2969 1276 3062 frigor

251 3066 409 3142 forrum
437 3061 530 3137 solet
553 3063 670 3139 crusta
701 3065 880 3160 glacialis,
911 3066 1013 3160 supra
1039 3091 1167 3160 quam,
1191 3060 1276 3170 utsii

211 3165 213 3172 ‘
259 3187 320 3240 rna
346 3163 438 3237 fana
465 3162 538 3256 est,
567 3164 759 3236 commode
786 3161 966 3257 proficisci
994 3164 1188 3258 possumus.
1233 3158 1276 3233 Ni

260 3278 338 3337 turn
353 3263 437 3334 albo
452 3259 514 3334 suo
526 3264 651 3335 colore
669 3261 848 3334 illuminat
863 3262 1130 3355 atmospiraeram
1141 3263 1276 3338 nostram

259 3375 303 3433 ut
324 3358 432 3436 noete
460 3359 591 3434 itinera
610 3381 756 3451 quoquc
781 3358 903 3431 nostra
928 3359 1102 3454 perficere
1125 3359 1276 3455 possimus

259 3457 388 3530 lumini
413 3470 533 3530 tamen
550 3457 741 3531 oculorum
768 3456 1022 3532 detrimentum
1045 3458 1182 3548 adfert,
1207 3449 1276 3530 srdi

260 3554 496 3644 obversatur,
526 3553 623 3627 unde
649 3555 846 3648 Lappones
875 3556 1026 3629 multum
1054 3556 1099 3628 de
1129 3555 1188 3630 sua
1212 3546 1276 3639 opt

259 3652 408 3726 thaimia
450 3650 596 3724 habent.
669 3651 727 3726 Ex
767 3652 855 3726 nive
896 3651 1101 3727 levisnmam
1142 3655 1276 3728 habeut

259 3772 401 3843 aquam,
421 3747 455 3819 tc
472 3770 515 3820 ea
531 3747 710 3822 menstrua
728 3750 767 3821 vi
785 3751 990 3841 praeditam,
1016 3765 1058 3824 ut
1071 3774 1160 3825 auro
1174 3750 1276 3824 solven

256 3849 306 3919 do
340 3845 498 3920 sufficere
535 3844 688 3938 spiritus*
716 3861 794 3918 arte
829 3847 914 3920 inde
952 3849 1122 3924 deduftus
1162 3849 1276 3922 dicatur

256 3949 442 4027 Barthofr'm'
475 3941 681 4037 sententia,
718 3950 754 4020 in
787 3950 879 4022 tran.
909 3949 946 4022 de
969 3953 1051 4039 ‚nive
1061 4001 1075 4038 ,
1107 3947 1212 4026 fallax
1230 3929 1276 4108 ξὲέ

312 4081 316 4094 ’
1210 4063 1230 4134 (i
