2680 4770
252 249 300 320 60
358 273 360 278 ·
523 245 747 323 PLANTAE
782 247 1038 323 HYBRIDAE.

252 425 435 524 bridarum
459 437 601 516 ortum,
627 427 665 499 in
691 449 797 520 quem
823 442 901 500 erat
926 427 1202 521 inquirendum,
1235 449 1324 524 per·

250 524 398 602 suadere
420 545 657 614 conaremur,
683 546 765 598 cum
782 546 840 597 res
862 524 944 599 sane
963 526 1109 600 maximi
1134 530 1324 601 momenti

251 625 315 712 srt,
353 643 503 714 quaeque
534 621 837 696 reformationem
869 646 946 697 non
979 625 1164 698 minimam
1191 625 1232 698 in
1264 650 1325 698 re·

251 719 597 818 publicaBotanica,
621 741 679 794 me
694 721 831 813 judice,
849 720 990 794 efficere
1006 722 1133 816 posset.
1166 721 1325 798 Interea

252 818 361 894 nobis
396 815 477 890 satis
507 817 597 907 erit,
630 819 774 910 januam
803 818 909 910 huius
937 818 1094 894 scientiae
1125 820 1328 913 aperuisse,

253 918 288 988 dr
305 918 329 991 si
347 915 516 990 Botanici
534 918 579 988 ab
600 917 664 987 isla
679 938 753 988 non
777 916 968 1008 aberrant,
996 917 1102 990 facile
1120 917 1328 1012 videbunt,

117 1060 131 1085 .
253 1037 331 1108 quae
354 1014 396 1086 sit
419 1013 538 1104 rati0,
566 1036 643 1106 quae
662 1013 777 1086 caussa
802 1013 1024 1088 difficultatis
1049 1014 1327 1090 determinandi

250 1111 389 1207 species
422 1110 604 1184 distinttas
640 1113 855 1205 plantarum.
909 1112 1084 1206 Optatam
1120 1114 1329 1208 attingere·

252 1234 332 1285 mus
358 1221 512 1298 metam,
538 1210 563 1282 fi
585 1209 738 1282 illustres
761 1209 961 1282 Botanieos
983 1211 1158 1303 incitare,
1185 1212 1331 1304 hisque

252 1309 406 1382 calcaria
435 1306 565 1381 addere
597 1308 841 1397 valuerimus,
867 1320 909 1379 ut
936 1308 1062 1382 erade
1093 1309 1137 1380 ad
1164 1310 1330 1383 minima

252 1406 462 1495 attendant,
489 1426 530 1478 ac
550 1403 755 1496 dispiciant,
782 1428 827 1477 an
850 1407 1028 1498 ejusmodi
1042 1407 1329 1502 generationes,

253 1504 457 1598 cujusmodi
488 1503 526 1576 in
559 1501 806 1576 dissertatione
840 1503 987 1593 nostra,
1026 1519 1068 1576 ut
1102 1505 1327 1578 verisimiles

252 1601 531 1698 proposuimus,
569 1599 632 1674 usu
659 1603 836 1693 veniant,
872 1624 918 1674 ne
948 1601 1083 1674 diutius
1115 1603 1326 1676 varietates

252 1701 345 1774 tanti
368 1699 540 1792 ponderis
563 1711 835 1792 praetereamus,
861 1699 1114 1772 multominus
1134 1700 1171 1774 in
1192 1700 1326 1794 poste-

251 1820 332 1874 rum
346 1797 594 1870 desideremus.
647 1795 690 1868 ln
702 1798 818 1868 lucem
836 1797 896 1868 illa
910 1798 1163 1888 proferentur,
1194 1798 1324 1892 srplu·

250 1918 323 1985 res,
342 1893 474 1988 jundis
494 1895 655 1984 viribus,
685 1893 770 1967 &in
794 1895 941 1966 diversis
964 1891 1071 1982 loeis,
1100 1908 1237 1988 praeter
1253 1899 1326 1970 ob-

250 1993 491 2082 servationes,
516 1992 765 2084 experimenta
779 2015 925 2084 quoque
944 1992 1132 2065 instituere
1154 1995 1324 2086 vellent,

252 2094 349 2166 circa
374 2112 480 2182 quam
508 2090 662 2184 plurima
683 2089 937 2186 Vegetabilia,
963 2090 1184 2182 &inprimis
1217 2092 1330 2166 circa

251 2189 456 2286 prolixiora
487 2209 640 2283 genera,
679 2209 752 2278 quo
779 2186 976 2259 necessario
1005 2210 1063 2260 res
1093 2189 1153 2260 vel
1180 2189 1330 2264 confir·

251 2302 392 2377 metur,
418 2288 479 2358 vel
504 2286 611 2357 etiam
633 2286 728 2357 ratio
750 2285 829 2357 aliis
853 2286 1015 2358 dematur
1032 2285 1167 2358 diutius
1187 2289 1329 2360 nobis·

252 2409 335 2460 cum
358 2383 550 2458 haesrtandi.
603 2383 639 2454 Si
661 2405 753 2456 vero
780 2384 1063 2474 corroboretur,
1089 2383 1124 2456 δι
1150 2383 1328 2458 testimo-

251 2487 323 2560 niis
345 2485 417 2556 hoc
443 2481 701 2572 confirmetur,
727 2504 803 2554 non
827 2481 947 2574 potest
973 2504 1050 2554 non
1075 2481 1189 2555 hocce
1219 2485 1329 2576 phae·

250 2603 440 2658 nomenon
473 2579 575 2651 varia
604 2579 744 2650 adferre
769 2579 987 2670 commoda,
1023 2593 1131 2671 atque
1158 2581 1197 2653 in
1230 2605 1329 2674 pro-

252 2679 447 2775 pagatione
468 2674 658 2749 &satione
681 2677 885 2769 plantarum
906 2677 1214 2752 oeconomicarum
1243 2701 1330 2754 ma·

250 2779 351 2851 ximo
379 2774 487 2849 nobis
508 2773 585 2848 usui
611 2773 692 2847 effe.

433 2979 991 3114 ADDITAMEN
992 2977 1122 3115 TA

282 3286 526 3378 Problemoti
536 3174 963 3405 serimrpaeppegfhrpaec
982 3281 1125 3370 addere
1138 3275 1266 3393 uisum
1278 3315 1298 3371 .·

251 3451 285 3504 r.
314 3422 517 3592 Hybridafflr
547 3421 821 3518 generationem
843 3420 881 3492 in
899 3419 1109 3494 Animalibus
1132 3418 1211 3491 dari
1239 3442 1329 3494 cer·

346 3536 423 3595 tum
450 3544 470 3592 e
512 3545 521 3594 :

299 3644 345 3694 ex
371 3623 470 3716 Equo
493 3619 527 3690 dt
551 3616 653 3710 Astno
679 3614 834 3688 evadere
866 3627 974 3688 natos
1013 3615 1154 3700 Malu,
1192 3613 1329 3690 nullos

343 3739 434 3790 vero
460 3728 639 3809 nepoteS,
668 3713 783 3786 datur.

296 3811 468 3909 ePoffere
492 3812 674 3904 Cauorz'eufi
701 3811 734 3882 &
760 3814 914 3884 Cardrule
943 3810 1032 3882 oriri
1056 3821 1163 3881 natos
1192 3804 1226 3876 ἃ
1259 3831 1328 3882 ne·

343 3926 472 4010 potes,
498 3933 576 3986 non
591 3931 684 3984 vero
699 3909 913 4004 abnepotes.
961 3909 1006 3983 It.
1030 3909 1083 3983 W
1086 3909 1193 4000 -gotu
1210 3924 1226 3974 r
1234 3925 1281 4074 h

1169 4023 1203 4075 2.
1284 4027 1328 4098 y-
