2572 4756
171 221 436 310 mucuns
464 223 818 308 INSECTORUM.
948 247 1041 324 317..

24 406 118 484 nosne
136 407 283 506 angustia
305 431 455 486 cernere
478 410 674 506 permittat.
726 405 836 484 Unde
881 405 1020 501 serique

24 507 197 608 eruditorum
225 507 432 599 subtiliora,
470 523 511 582 ut
544 508 776 584 minimorum
805 429 1017 580 inffidiorum

23 590 219 698 semiunique
234 603 440 680 ibudturam
457 606 493 678 dt
510 605 764 696 oeconomiam,
791 603 835 676 ad
852 605 1017 676 ultimum

22 699 176 774 dbuemt
201 702 234 774 ds
259 723 306 776 ne
335 703 491 776 verbulo
518 701 714 800 tetigerint
782 700 1016 788 Hominibus,

21 797 79 870 dum
92 797 261 873 notionem
281 799 332 872 sui
350 798 456 892 ipsius
472 801 505 874 dt
522 797 804 896 quadrupedium
816 797 1018 892 vulgarium

22 893 63 965 ibi
79 907 246 986 pararunt,
273 897 392 972 minus
416 898 577 972 miranda
594 898 821 987 obveniunt,
845 917 922 988 que
946 895 1018 968 iilis

24 989 147 1064 asinius
167 989 345 1068 videntur.
397 993 457 1068 Sic
477 995 537 1088 qui
563 993 720 1068 Cervum
742 989 897 1080 viderit,
921 993 1016 1066 Run-

25 1085 128 1180 gistrum
148 1087 226 1164 dein
246 1089 424 1164 ostensum
440 1115 563 1186 parum
585 1091 839 1179 admiraretur3
862 1087 1017 1164 Tetrao·

26 1205 133 1276 utnque
154 1186 385 1282 cognoscenti
407 1188 577 1284 Lagopus
608 1189 845 1264 admiratione
871 1185 1018 1280 indigna

23 1279 190 1374 censeretur3
216 1281 420 1360 cathedram
449 1301 568 1360 autem
592 1285 743 1362 Nature
766 1285 871 1358 altius
899 1283 1016 1358 ascen-

19 1373 93 1468 suris,
110 1393 201 1477 tergo
226 1381 372 1456 homini
392 1385 600 1480 magnisque
623 1381 911 1478 quadrupedibus
935 1403 1016 1454 ver-

20 1471 60 1564 so,
78 1477 178 1571 plus,
200 1480 290 1554 licet
304 1501 417 1574 parva
432 1482 521 1575 fint,
545 1480 657 1578 magis
674 1493 794 1554 tamen
812 1477 1018 1554 admiranda

20 1589 175 1650 ocurrunt
232 1577 289 1651 Sit
321 1577 470 1670 aliquis,
499 1579 559 1672 qui
590 1576 847 1682 Quadrupedia
877 1589 1017 1650 tantum

17 1667 133 1776 udisset,
161 1673 264 1768 eique
294 1675 524 1770 contingeret
548 1676 656 1750 Aous
689 1675 837 1764 videre,
868 1673 1016 1747 admira·

18 1766 163 1844 tonsione
177 1773 307 1866 plenus
322 1773 625 1866 metamorphosin
640 1772 768 1846 Ovidii
790 1769 1017 1866 conspestam

17 1861 153 1958 erederet,
185 1871 279 1944 Pisas
307 1891 438 1962 nempe
464 1869 631 1964 conponis
660 1868 865 1966 plumosos‚
894 1867 1016 1942 &im-

17 1957 134 2036 bricatim
157 1967 314 2060 postor,
342 1967 455 2040 Aures
484 1968 614 2061 capitis
640 1966 822 2060 abscissas,
852 1967 1017 2042 Mutiliae

16 2068 83 2130 erm
100 2061 183 2136 labia
201 2064 238 2138 in
260 2061 415 2138 rostrum
439 2063 623 2154 extensas,
651 2065 778 2138 Manus
801 2075 1015 2158 amputatas,

16 2153 184 2252 mutiano,
218 2143 466 2252 attenuatssss.
480 2161 672 2236 retrorsum
701 2175 875 2254 pennatae
885 2203 910 2250 ‚·
933 2164 1016 2232 Cau-

18 2249 62 2320 im
79 2253 329 2350 abbreviatam,
360 2257 554 2332 duodecim
574 2257 747 2334 distindtis
772 2257 893 2351 pinnis
917 2255 1016 2330 cilia·

20 2356 77 2438 um,
99 2353 206 2430 Pedius
233 2353 422 2452 gibbosum
448 2353 729 2448 carnosumque,
766 2357 889 2430 Cossum
915 2353 1016 2427 elon·

19 2455 111 2540 ison,
140 2453 241 2527 Pedes
267 2463 474 2526 attenuatos
499 2453 567 2526 dec.
620 2451 759 2525 Pariter
791 2471 936 2544 quoque
962 2450 1016 2524 in·

17 2535 139 2652 saiorum
158 2549 373 2646 cognitione
388 2549 599 2640 destitutus,
625 2549 648 2623 fi
674 2550 864 2624 Pedicuium
881 2548 1017 2644 magni·

15 2636 97 2713 udus
117 2647 204 2720 tauri
236 2645 562 2736 animadverteret,
587 2645 679 2720 adeo
700 2657 743 2720 ut
764 2643 916 2720 sensibus
946 2643 1016 2720 suis

14 2729 120 2812 summ
142 2745 218 2837 eius
243 2764 343 2836 aeque
370 2739 572 2818 discernere
600 2739 736 2838 poiset3
770 2741 882 2818 iilum¹
895 2755 1016 2818 autem

14 2832 189 2926 dispiceret
214 2838 347 2914 ossibus
376 2841 534 2936 propriis
562 2839 671 2916 instar
685 2839 825 2914 ioricae
854 2839 1015 2934 undique

14 2927 154 3029 restitum,
181 2951 267 3012 toto
295 2951 416 3012 temen
440 2961 596 3034 corpore
619 2937 859 3034 pellucidum,
882 2949 925 3010 ut
946 2963 1013 3025 cor,

14 3043 82 3130 ios,
102 3041 263 3110 circuistis
272 3035 467 3132 sanguinis,
488 3051 591 3110 motus
608 3036 829 3132 pmstolts'css
844 3033 878 3106 dr
891 3035 1015 3108 omnia

14 3135 110 3202 suma
125 3131 306 3208 observari
324 3131 484 3226 possent,
507 3153 673 3208 unacum
689 3130 883 3206 abdomine
901 3129 1013 3204 crasso

14 3213 178 3320 &corpore
210 3227 351 3324 sparsim
378 3227 519 3321 setoso,
556 3229 694 3325 ingenti
727 3229 880 3303 horrore
915 3239 1015 3300 certe

14 3313 173 3401 tfficuenu.
222 3327 296 3402 Vel
320 3327 470 3402 moon
493 3325 663 3422 pbalsnae
690 3325 875 3420 cuiusdam
905 3323 1013 3398 instar

14 3419 269 3516 mutaberis,
300 3443 383 3498 cum
400 3425 521 3498 metitis
546 3426 623 3517 ejus
643 3423 795 3520 pedibus
819 3419 1013 3496 fasciculis·

14 3525 50 3596 ps
70 3519 216 3608 pilorum
248 3521 414 3614 intuens,
445 3543 522 3596 non
548 3521 680 3596 animal
708 3519 888 3614 quoddam
910 3533 1014 3594 natu·

14 3605 64 3716 ile,
82 3631 137 3690 aut
151 3619 369 3710 monstrum,
393 3617 451 3694 sed
469 3619 650 3694 demones
664 3619 787 3714 potius
804 3617 865 3692 vei
880 3615 1015 3712 spedus

14 3704 119 3812 iidata
138 3729 293 3814 putaret.
346 3717 523 3808 vermes,
549 3717 689 3813 Polypus
714 3714 851 3806 didos,
877 3713 921 3788 ad
940 3735 1015 3788 ma·

14 3807 187 3888 erudirem
217 3833 370 3908 quercus
400 3813 509 3888 nobis
534 3835 804 3907 proponamus;
835 3811 926 3911 hos,
951 3813 1013 3905 qui

14 3904 155 3985 iuuiut
178 3911 310 4008 plante
332 3907 520 4008 creseunt,
543 3907 569 3988 d
589 3911 835 4063 attendamus,
860 3927 1012 4081 quondo(i
1139 3901 1146 3908 '
