2568 4764
105 239 309 324 HOSPITA
339 237 683 320 INSECTORUM
700 237 904 322 moun-
948 261 1029 342 27³·

434 419 554 516 §.11

83 537 306 634 lNSECTA,
334 553 377 614 ut
398 563 550 614 nurnero
572 537 855 617 &multitudine
875 551 1021 618 eeteros
1177 541 1181 548 ’

19 649 88 710 terre
110 639 240 814 incffilas
272 637 447 730 vincunt,
473 640 544 730 ita,
577 639 602 712 si
628 639 804 734 originem
836 635 1023 731 respicias,

16 735 147 825 antiquita
197 734 406 810 hominibus
424 755 501 810 non
521 737 666 812 cedunt.
705 735 880 832 cognitio
899 750 1023 810 autem

15 851 121 920 suurn,
142 833 285 928 quando
299 855 384 908 curu
400 833 533 908 notitia
550 835 766 928 reliquarum
782 855 902 909 rerum
918 847 1022 906 natu·

16 929 103 1004 ulium
125 931 375 1022 contenditur,
399 931 509 1026 longe
530 929 582 1006 est
603 933 810 1022 recentior,
839 951 922 1004 cum
952 931 1021 1006 mi-

18 1025 80 1096 rina
92 1029 159 1100 lec
176 1028 388 1103 animalcula
407 1027 485 1102 sero
500 1029 691 1104 admodum
708 1027 758 1104 sui
776 1030 885 1104 nobis
897 1049 1025 1118 curam

20 1119 237 1198 iulumverint„
301 1125 375 1200 Rea
405 1125 495 1218 ipsas
524 1125 624 1200 nosse
652 1127 757 1216 heic,
786 1125 1021 1220 quemadmo-

21 1215 69 1292 dun
82 1222 160 1296 alias
177 1221 335 1316 semper,
349 1222 493 1310 primus
512 1223 861 1318 habetursapientiae
878 1223 1020 1319 padus.

16 1311 80 1390 inter
98 1332 234 1396 veteres
257 1319 604 1396 ARISTOTELES
625 1320 878 1396 &PLINIUS
906 1341 1023 1414 pauca

13 1414 180 1507 adrandum,
208 1417 323 1494 ceteri
348 1419 424 1492 fere
446 1419 537 1496 nilril
561 1419 606 1494 de
625 1416 769 1492 lusesiis
793 1417 1025 1494 resolverunt

14 1507 84 1584 &ad
107 1513 323 1610 posteritatis
355 1517 566 1592 memoriam
597 1513 878 1594 transmiserunt
934 1513 1022 1590 Post

13 1627 84 1682 aram
96 1611 348 1686 renascentium
365 1614 586 1706 litterarum,
608 1614 685 1688 haec
703 1612 891 1688 diutiffime
909 1611 1022 1688 scien-

14 1705 45 1775 tia
59 1707 173 1800 sepulta
191 1711 308 1802 iacuit
328 1711 362 1784 δι
379 1709 546 1784 fastidita.
598 1709 879 1786 CONRADUS
910 1709 1020 1785 GES-

12 1799 155 1899 ntum,
181 1807 291 1882 seculi
313 1809 362 1882 sui
383 1807 613 1904 sagacissimus
638 1809 698 1882 ille
722 1808 936 1902 ceteroquin
956 1827 1021 1882 na·

12 1915 71 1971 tua
93 1899 319 2000 explorator,
355 1906 415 1998 qui
442 1905 591 2001 primam
621 1907 725 1980 velut
754 1905 870 1980 facem
899 1927 1024 1982 rerum

13 2001 180 2075 ramulum
215 2003 338 2076 attulit
368 2001 563 2096 doctrina,
599 2003 644 2077 ad
678 2004 839 2079 minores
869 2003 1021 2100 quasvis

12 2111 94 2186 partes
107 2097 194 2174 mam
215 2101 411 2180 extendere
429 2101 635 2175 industriam
653 2121 729 2178 non
749 2099 878 2174 valam.
906 2099 1020 2192 Cuius
1118 2096 1122 2111 '

12 2191 156 2286 discipulus
187 2195 299 2294 Joll.
331 2197 596 2272 BAUHINUS
624 2199 685 2291 (de
714 2201 833 2274 Balnea
854 2191 1020 2290 Bolleufi)

15 2301 91 2366 tutuo
108 2293 137 2366 se
154 2295 351 2368 Botanices
370 2294 518 2368 culture
537 2293 774 2386 consecrans,
800 2295 895 2368 intra
911 2293 1019 2388 hujus

17 2387 171 2485 plerunque
205 2389 313 2466 studii
358 2393 558 2488 pomeria,
602 2413 679 2466 non
719 2390 822 2484 secus,
854 2413 897 2466 ac
932 2387 1018 2464 CO·

16 2479 176 2581 llimat,
205 2487 342 2584 semper
366 2487 526 2569 versatus
551 2489 630 2562 fuit

72 2607 395 2684 MOUFFETUM
416 2609 555 2684 idcirco
575 2609 734 2721 Anglurn
757 2607 853 2684 inter
879 2609 1019 2704 primos

10 2723 215 2800 annuamus,
239 2705 300 2801 qui
318 2707 426 2782 horas
442 2705 518 2782 suas
535 2707 674 2798 labori,
698 2729 804 2801 quern
823 2721 912 2785 tturc
927 2721 1017 2784 tem·

8 2803 75 2892 poris
94 2802 348 2880 infrusiuosum
370 2803 602 2898 judicabant,
628 2803 870 2901 impendebat

72 2919 478 3013 ALDROVANDUS‚
505 2923 725 3018 compilator
740 2921 895 2996 omnino
916 2921 1016 2998 inde·

6 3009 94 3108 iesus,
115 3018 399 3114 scriptorumque
420 3019 652 3094 multitudine
670 3017 836 3114 insignis,
862 3019 906 3090 ad
922 3017 1017 3110 hanc

5 3107 156 3197 scientiam
188 3115 429 3190 illustrandam
456 3115 532 3190 suas
563 3115 706 3212 quidem
735 3113 894 3190 contulit
917 3117 1016 3190 vires

5 3200 251 3306 dindullsiam‚
281 3215 333 3288 ita
364 3229 507 3304 tamen,
533 3228 575 3288 ut
598 3214 748 3288 corrasis
773 3213 1016 3306 qualitercun-

4 3320 50 3472 ἓιε
76 3311 292 3410 antiquitatis
327 3311 642 3386 obseruationibus
673 3310 864 3405 plurimum
892 3311 1016 3404 acqui-

26 3421 109 3479 teret

69 3523 360 3616 JONSTONUS
380 3525 417 3598 in
439 3521 577 3598 scriniis
599 3522 752 3598 aliorum
775 3524 1017 3618 compilandis

4 3631 73 3706 eque
100 3621 268 3718 impiger,
304 3621 633 3718 experimentorum
665 3619 738 3714 ipse
772 3643 900 3714 expers
931 3627 1025 3708 fuit„

4 3709 167 3812 llnsrtque
191 3719 283 3794 adeo
312 3721 448 3795 inculta
471 3719 504 3790 &
528 3720 625 3792 nulla
645 3721 752 3813 plane
781 3719 866 3792 loco
892 3721 1024 3802 habite.

6 3801 181 3892 salodorum
206 3819 369 3912 theoria,
397 3817 440 3892 ad
467 3815 623 3890 medium
646 3837 759 3910 usque
784 3813 891 3890 seculi
916 3818 1015 3912 supe·
1114 3845 1121 3860 ·

8 3903 100 4004 riuis,
122 3935 202 3990 cum
221 3916 362 4014 aliquot
379 3915 565 4012 Filiorum,
592 3914 654 4010 qui
675 3913 917 4012 exprimendis
936 3917 1014 4088 flul-

38 4007 108 4086 lim
124 4011 193 4096 m.
569 4009 593 4084 S
916 4033 935 4088 c
962 4033 1015 4088 er·
