2568 4764
254 265 324 340 272
373 239 592 319 HOSPITA
622 239 968 323 INSECTORUM
996 239 1174 358 FLORA.

251 424 355 499 velut
380 421 516 498 intuitu
543 421 838 519 conspiciendam
869 426 1027 518 praebet,
1057 425 1181 500 deinde
1205 447 1276 500 veru

251 523 291 597 in
307 521 543 614 Provincias,
569 523 713 614 Urbes,
738 523 914 599 Paroecias
929 524 963 596 δι
979 513 1096 619 Pasps
1108 523 1276 599 dividendo

252 619 297 694 ad
331 619 551 714 penitiorem
568 623 660 714 'ejus
687 621 858 696 notitiam
892 623 991 696 viam
1026 622 1275 714 commonstrem

250 733 293 793 ut
314 713 541 812 hospesfere
558 719 682 793 mundi
702 719 737 792 δι
760 719 963 815 alienigena
980 719 1010 794 is
1034 719 1077 794 fit·
1096 717 1276 814 censendus,

276 817 313 890 ui
348 815 465 908 nihil,
504 831 636 912 praeter
670 837 882 914 magnorum
921 818 1159 913 imperiorum
1185 819 1276 910 sturm,

251 840 401 1000 ledere
421 914 569 1006 didicit3
599 917 650 989 ita
668 916 822 990 eundem
840 939 986 1009 quoque
1005 915 1044 990 in
1066 915 1210 1001 Natura
1225 917 1274 988 Ro

250 1011 329 1112 'g'nis
349 1012 514 1087 ordinem
538 1035 686 1088 cernere
709 1015 807 1088 licet.
858 1015 1005 1088 Plurimi
1026 1011 1224 1088 mortalium
1242 1013 1274 1086 sa·

251 1114 298 1189 tis
320 1111 384 1188 srbi
401 1112 538 1186 oculati
558 1111 752 1202 videntur,
777 1135 859 1188 cum
876 1127 1007 1190 terram
1022 1112 1126 1205 aquis
1143 1112 1274 1204 divisam,

250 1213 361 1288 viridi
386 1211 512 1284 habitu
534 1210 724 1301 decoram,
753 1209 977 1306 floribusque
999 1211 1102 1284 mille
1126 1213 1273 1300 colomur,

251 1326 422 1405 tanquam
462 1309 617 1382 totidem
648 1309 821 1404 gemmis,
859 1323 1073 1383 exornatam
1104 1309 1270 1396 inmenm,

253 1411 291 1486 in
314 1431 385 1503 qua
406 1408 602 1482 animantia
625 1405 970 1504 gradiuntur,·aves
991 1409 1147 1499 volant,
1173 1405 1270 1500 ampli·

252 1509 314 1584 bia
339 1507 506 1600 serpunt,
540 1504 671 1579 inseda
698 1517 868 1597 currunt,
903 1513 1120 1598 vermesque
1153 1517 1273 1598 repunt,

252 1606 323 1682 Sed
346 1605 384 1679 hi
407 1617 514 1678 erunt
536 1603 633 1694 fere,
669 1601 730 1696 qui
757 1605 863 1698 talpae
889 1602 989 1678 domi
1014 1602 1147 1676 vocari
1169 1621 1274 1678 merer-

253 1720 322 1780 tur.
372 1702 505 1796 Neque
530 1702 627 1776 enim
650 1702 774 1796 negari
797 1701 939 1798 potest,
966 1702 1133 1794 ineptum
1156 1697 1274 1774 effedo

251 1805 455 1886 minumae
482 1798 732 1899 pollellorem,
767 1801 828 1894 qui
852 1800 977 1896 praedii
1000 1798 1052 1873 sui
1082 1821 1161 1873 non
1181 1813 1276 1872 omnes

252 1909 288 1980 ἃ
317 1903 468 2000 lingulas
494 1914 614 1999 partes
650 1891 904 1973 accuratiilime
931 1896 1103 1986 noverit,
1138 1909 1198 1986 ut,
1218 1891 1276 1967 inu

254 2003 401 2079 calculis
423 2002 494 2076 rite
515 1998 715 2090 subductis,
740 1999 848 2070 rebus
872 1995 943 2070 suis
966 1993 1184 2091 providere,
1206 2011 1276 2088 coru

252 2101 455 2202 modaque,
489 2122 566 2196 qoae
595 2117 754 2192 unquam
784 2094 916 2196 sperari
932 2093 1115 2211 potitust,
1143 2083 1276 2172 univeri

251 2223 448 2299 procurare
475 2201 608 2274 valeat.
1273 2201 1276 2272 l

353 2340 532 2416 Benevoli
562 2338 671 2436 igitur
696 2339 861 2415 Letloris
890 2337 1056 2412 favorem
1083 2337 1110 2412 sr
1137 2355 1210 2424 non
1228 2353 1275 2408 ue·

210 2471 212 2476 ·
254 2443 352 2533 reri,
376 2437 499 2513 saltem
523 2435 685 2533 opperiri
711 2441 842 2530 liceat,
868 2457 1048 2510 comeam
1064 2457 1166 2510 nunc
1187 2431 1275 2508 Hillo

253 2542 316 2615 riae
343 2537 516 2612 naunalis
545 2539 759 2632 particulam
787 2535 974 2610 attrectare
1001 2535 1039 2608 in
1072 2529 1275 2608 animumiu

195 2653 203 2664 ’
255 2636 444 2728 duximus,
474 2637 747 2731 quamplurimi
773 2635 961 2710 hominum
982 2633 1171 2725 hucusque
1191 2629 1270 2724 negiu

254 2747 398 2808 xerunt.
450 2733 571 2830 Inscita
595 2737 750 2828 loquor,
777 2755 932 2829 quorum
954 2727 1273 2827 circumvagantium

255 2833 357 2910 Flora
380 2829 501 2905 nostra
527 2835 671 2907 Suecaua
702 2831 903 2930 agminibus
927 2828 1114 2904 domicilia
1143 2819 1275 2903 offerti

254 2928 469 3025 suppeditat.
536 2930 641 3025 Opus
668 2933 740 3006 hoc
768 2929 913 3024 quidem
941 2927 992 3002 est
1023 2939 1096 3000 tam
1123 2927 1274 3000 elaboratu

256 3027 423 3120 difficile,
448 3050 552 3121 quarn
573 3031 721 3103 raritate
747 3029 973 3122 Scriptorum
993 3046 1088 3122 pene
1114 3023 1262 3098 insolens.

357 3167 592 3337 quapropter
616 3172 710 3268 apud
731 3192 854 3264 aequos
878 3191 998 3242 rerum
1022 3133 1274 3242 aestiniatoresl

258 3264 366 3338 facile
396 3287 455 3337 um
472 3267 751 3363 consecuturus,
778 3282 820 3342 ut
834 3266 1012 3360 juvenilia
1027 3267 1218 3340 conamina
1227 3251 1274 3336 md

256 3363 347 3436 boni
382 3363 590 3460 consuiant,
627 3390 708 3443 cum
740 3379 846 3440 tanto
876 3363 993 3438 labori
1026 3359 1242 3458 perficiendo

253 3459 403 3558 penitus
425 3460 672 3560 absolvendo,
701 3462 932 3560 paucissimi,
954 3462 1015 3558 qui
1041 3461 1171 3536 nostra
1195 3451 1271 3532 atati

258 3556 360 3646 sunt,
392 3559 476 3632 anni
506 3563 655 3644 minime
682 3562 876 3652 sufficiant,
906 3561 965 3632 cui
983 3581 1030 3634 ne
1056 3581 1145 3633 cana
1168 3553 1273 3652 quidet

259 3655 531 3733 innumerorum
550 3662 854 3757 experientiavix
866 3657 1058 3733 suffecerit.
1108 3657 1191 3730 Nos
1206 3651 1273 3746 syn

259 3754 380 3825 bolam
407 3754 444 3826 in
475 3779 668 3834 commune
699 3759 804 3855 primi
834 3757 1089 3847 conferentes,
1120 3755 1199 3828 laeta
1219 3753 1273 3846 jau

259 3851 345 3924 dum
370 3849 429 3944 spe
454 3853 541 3930 istos
567 3859 701 3934 snmus
732 3856 980 3952 precipimus,
1008 3875 1105 3946 quos
1125 3851 1210 3928 felix
1229 3845 1273 3940 int

257 3949 371 4025 dubio
395 3951 587 4044 posteritas
614 3955 808 4053 aliquando
834 3965 1050 4052 perceptura
1071 3951 1150 4030 erit.
1272 3953 1273 3972 ¹

1193 4033 1272 4142 pil
