2536 4754
133 135 141 157 ἱ
253 189 401 276 ΝΟΧΑ
430 193 784 272 INSECTORUM.
975 219 1046 292 341
1155 215 1158 220 ·

31 398 89 468 que
111 387 211 454 antea
233 395 389 467 unquam
416 373 644 450 accesserant.
689 375 909 468 seducto,
941 373 1048 448 bin·
1104 413 1108 422 .

29 473 210 563 commoda,
240 493 316 564 quae
338 472 376 545 in
393 493 439 546 vre
459 473 687 546 oeconomiea
709 473 843 567 ubique
865 471 1048 545 cumulant

24 568 150 662 inscita,
174 569 437 665 ponderamus,
461 569 627 650 adversus
645 571 721 645 haec
734 591 879 644 omnem
893 570 1047 644 fereeos

24 667 148 741 omissffe
168 691 288 744 curam
311 679 419 762 atque
444 665 731 756 solicitudinem,
756 669 866 742 immo
890 665 1046 742 nonnul·
1172 739 1176 748 ,

23 765 56 836 lis
71 761 251 857 despicatui
275 767 382 860 piane
406 765 529 838 habita
554 765 654 838 fuiiie
674 777 858 840 tantorum
881 763 1047 840 inimico·

23 884 88 934 rum·
105 865 266 957 agmina,
281 864 385 956 juxta
404 863 581 956 reperturi
600 861 728 938 sumus.
779 862 965 959 Ignoscam
993 875 1047 936 ta·

25 983 88 1034 men
108 961 159 1034 his
186 963 333 1056 potius,
367 983 412 1036 ex
439 981 542 1055 aequo
569 961 603 1034 &
628 963 731 1034 bono
762 983 838 1036 rem
868 959 1047 1055 judicatu·

29 1057 88 1146 rus,
109 1059 387 1152 quarn'szsioriae
412 1057 591 1132 Naturalis
617 1058 865 1152 Ductoribus,
895 1076 1048 1153 quorum

28 1153 137 1246 fuerat,
169 1157 384 1252 cognitione
413 1154 627 1230 insectorum
651 1157 733 1232 illos
759 1157 942 1246 imbuere,
969 1172 1048 1227 mo·

25 1248 171 1345 dumque,
195 1277 269 1350 quo
287 1276 423 1328 nocere
438 1274 508 1326 una
525 1275 674 1346 quaeque
689 1253 813 1348 possit,
835 1249 1046 1348 significare.

22 1347 164 1423 before
196 1350 353 1445 proinde
387 1351 564 1442 arbitror,
598 1363 640 1423 ut
669 1351 800 1424 laetiori
832 1351 921 1424 olim
952 1348 1047 1422 facie

23 1447 134 1518 eniteat
151 1449 377 1538 oeconomia,
400 1448 587 1542 postquam
608 1449 934 1545 nattuoe‘cognitio
952 1441 1049 1540 apud

22 1561 74 1614 nos
98 1544 271 1646 inceperit
298 1547 406 1620 etiam
429 1547 472 1620 ab
501 1546 701 1620 oeconornis
733 1547 840 1642 digne
867 1543 1045 1620 aestimari.

20 1638 140 1716 Etenim
162 1659 204 1718 ut
230 1665 427 1719 oeconomo
452 1665 528 1718 non
554 1643 702 1734 sufficit,
735 1665 857 1741 agrum
884 1663 1046 1718 commo·

22 1737 127 1815 diffinio
158 1745 288 1836 quavis
318 1743 461 1817 ratione
490 1741 710 1834 stercorare,
747 1765 868 1835 arare,
900 1759 1046 1836 occare,

23 1831 190 1932 seminare,
230 1843 378 1932 coiere,
417 1839 623 1932 frustusque
662 1839 836 1915 collectos
871 1837 1046 1928 condere,

20 1929 63 2004 scd
76 1939 221 2034 manime
239 1939 348 2012 etiarn
366 1940 506 2032 plantas
524 1937 667 2030 noxias,
694 1961 771 2032 quae
784 1937 920 2034 segetes
937 1933 1046 2032 strffo·

19 2033 372 2130 centbuopprimant,
398 2047 546 2128 caveat,
572 2035 711 2109 necesse
730 2035 803 2128 est,
828 2037 879 2108 ita
897 2033 974 2134 pari
991 2031 1046 2106 so·

20 2126 181 2205 licitudine
204 2155 332 2228 agros,
362 2149 483 2224 prata,
501 2132 704 2225 ¹herbisque
728 2133 865 2208 coniita
884 2134 967 2206 loca
989 2152 1046 2203 ce·

19 2239 76 2296 cern
94 2231 132 2302 ab
149 2229 292 2308 bisetiis
314 2229 503 2318 defendam
532 2231 676 2322 hocque
687 2233 732 2304 'ut
746 2229 911 2325 praestare
927 2225 1046 2324 poffit,

21 2342 71 2410 qua
93 2329 234 2402 ratione
265 2327 338 2422 ipsa
372 2327 645 2423 adgrediuntur,
682 2328 812 2420 quibus
843 2323 1046 2422 oppugnari

21 2437 125 2582 {ineant
139 2428 270 2520 armis,
297 2437 488 2518 ceteraque
505 2427 592 2500 illuc
609 2423 853 2520 pertinentia,
878 2433 1045 2498 accurate

33 2533 123 2596 creat.

91 2639 355 2746 Quamobrem,
381 2653 423 2714 ut
444 2651 568 2736 pateat
591 2639 758 2734 uberius,
791 2661 896 2735 quam
920 2654 1045 2716 nume·

16 2729 115 2826 rosus,
140 2761 318 2834 quamque
338 2740 540 2814 horrendos
562 2759 639 2812 non
660 2760 736 2812 uno
759 2739 797 2812 in
819 2741 952 2836 angulo
972 2759 1047 2814 me·

16 2837 97 2904 tuere
118 2835 240 2910 hostes
264 2837 421 2913 debeant
437 2839 476 2912 in
493 2837 609 2934 patria
629 2835 750 2909 nostra
776 2837 981 2929 oeconomi3
1007 2837 1046 2912 in

13 2919 220 3018 sequentibus
241 2939 275 3027 §.
299 2941 332 3028 §.
360 2934 512 3028 insecta,
548 2933 706 3008 nocendi
741 2935 891 3026 quadarn
923 2937 963 3009 vi
990 2936 1045 3012 in·

14 3019 121 3122 ignia,
145 3030 207 3106 sub
231 3033 339 3106 certis
364 3033 478 3110 titulis
501 3031 672 3106 exhibere
694 3033 869 3108 conabor.
1098 3039 1099 3042 ‘

440 3233 473 3320 §-
521 3226 590 3302 vr.

94 3357 250 3436 HOMO
270 3363 340 3460 ipse,
352 3365 530 3461 adsultibus
548 3351 734 3458 infestorum
753 3359 969 3456 multifariam
988 3361 1045 3434 ud·

128 3460 282 3556 figitur,
307 3465 579 3550 &circumcirca
598 3485 697 3534 noxas
719 3485 825 3534 eorum
841 3467 1019 3558 experitur.

11 3561 299 3652 PEDiCULUS
333 3585 487 3656 hunuanus
521 3579 692 3671 (Frc'Scu
715 3574 844 3674 r'153.)
876 3578 1045 3672 Infantiam

48 3665 393 3780 adgredituPCupitu,
418 3691 459 3750 ut
480 3676 633 3771 primum
657 3677 776 3770 capilli
797 3678 1043 3768 excreverint,

45 3767 155 3860 rodrt,
181 3773 383 3866 exulcerat,
410 3775 730 3848 inflammationem
758 3777 890 3866 infert,
916 3773 1045 3849 iisdem

45 3862 84 3934 ad
104 3867 256 3944 adultam
280 3871 357 3945 fere
383 3885 525 3946 aetatem
557 3871 727 3946 rnolcstus
758 3872 819 3948 est.
875 3871 918 3948 iu
941 3871 1044 3948 navi-

504 3968 538 4042 Y
564 3991 583 4063 3
977 3969 1046 4051 bus
