2568 4764
231 303 304 381 ago
554 267 961 355 RHABARBARUM.

187 463 402 568 venientia
430 463 507 537 fere
523 458 694 553 infipida‚
723 476 849 552 parurn
871 448 1071 526 acescentia
1090 447 1166 521 srnt
1209 442 1266 517 Ita·

235 583 304 658 true
329 561 425 655 apud
452 583 521 634 uos
546 557 657 631 etiam
679 577 756 630 non
785 553 860 628 levi
886 571 969 624 curn
998 545 1115 622 fruuu
1142 563 1267 616 oecouo·

235 663 333 737 ruico
359 658 424 733 seri
449 657 606 752 poffunt.

244 822 248 831 =
332 776 436 850 Hine
455 771 720 864 concludimus,
749 769 846 864 quod
872 759 1144 859 Rhaponticunr
1168 755 1268 830 eaden

236 889 367 950 natura
391 896 460 966 qua
487 872 757 945 Rhabarbarurn
788 863 961 963 gaudeat3
993 879 1148 950 cumque
1168 857 1202 927 in
1223 873 1268 922 va·

236 972 301 1048 riis
326 973 443 1045 hortis
463 970 546 1044 satis
565 969 712 1064 copiose
730 964 885 1051 crescat,
912 964 955 1034 in·
975 957 1073 1032 usum
1098 953 1268 1027 culinaram

238 1071 347 1146 facile
372 1069 409 1142 id
432 1090 577 1164 quoque
600 1065 769 1140 converti
792 1060 929 1157 ponet,
954 1055 1162 1153 fiagricolae
1182 1045 1270 1124 noio

240 1169 373 1248 scirent
395 1188 509 1241 exeo
532 1165 685 1239 nuatum
708 1182 850 1256 capere.

339 1285 462 1362 Cauiis
489 1300 574 1360 ante
609 1281 877 1360 florescentiam
903 1274 1152 1352 decorticatos
1181 1264 1270 1339 editu

243 1389 344 1482 grata
372 1386 543 1460 auiditate
568 1383 739 1457 imbutus.
790 1393 792 1400 '
838 1389 840 1398 ‘

576 1590 978 1672 CULTURA.

343 1744 376 1833 §·
400 1741 501 1844 XVI.
553 1739 718 1829 Semina,
754 1738 809 1834 uti
839 1735 993 1808 aliorum
1019 1729 1185 1814 olerum,
1210 1731 1272 1827 ttu-

247 1847 340 1938 pore
359 1839 500 1936 vernali
517 1835 710 1912 commode
729 1833 916 1922 serrurtur3
944 1825 1113 1925 proxime
1140 1839 1227 1894 anno
1248 1833 1275 1884 u

250 1935 358 2008 aliani
376 1937 499 2030 planta
525 1935 739 2010 transfertur
765 1946 918 2021 terrain,
944 1925 1067 1999 ventis
1089 1942 1167 1994 uon
1191 1931 1271 2024 exue

248 2033 402 2109 fitam&
425 2032 518 2107 succi
544 2036 708 2128 plenam,
735 2031 929 2126 argillaque
951 2023 1115 2098 mixtam.
1165 2016 1224 2089 Per
1240 2029 1275 2116 ως

250 2134 404 2206 tervalia
433 2132 540 2206 unius
559 2132 720 2220 *circiter
755 2126 868 2208 cubiti
902 2120 1133 2196 abinvicem
1165 2109 1273 2203 dispou

250 2231 409 2322 debent,
449 2243 518 2303 net
543 2227 697 2322 amplius
726 2228 770 2301 de
798 2245 902 2298 novo
933 2217 1145 2306 transferri,
1178 2208 1226 2283 sed
1245 2201 1273 2275 ab

251 2327 374 2404 herbis
397 2329 526 2402 noxiis·
538 2327 699 2423 'purgarit
752 2325 895 2416 Hy-erne
917 2320 1056 2416 plantas
1084 2315 1164 2386 ilias
1187 2319 1275 2398 tegeri

251 2443 331 2514 non
357 2447 450 2520 opus
479 2426 551 2518 eii,
578 2425 662 2518 quia
687 2421 841 2497 climatis
870 2414 984 2492 nostri
1011 2412 1192 2508 patientes
1212 2401 1275 2496 sunt,

256 2525 344 2627 Quo
377 2525 587 2597 annosiores
620 2521 782 2610 fuerint,
822 2540 867 2590 eo
897 2515 1036 2606 majora
1072 2493 1275 2610 folioruni

256 2620 370 2694 caulis
393 2621 615 2694 incrementa
638 2642 759 2693 annua
775 2615 955 2691 obtinent.
1006 2608 1184 2704 Insignem
1202 2600 1275 2692 iglfflss

256 2713 390 2814 plante
413 2717 516 2792 istius
539 2732 762 2814 proventum
787 2715 822 2788 in
852 2711 967 2808 patria
992 2720 1075 2782 tuto
1101 2699 1207 2776 nobis
1224 2709 1273 2806 pti

258 2815 406 2902 mittere
431 2807 635 2910 postumus,
660 2817 684 2889 sr
705 2814 817 2890 modo
839 2811 985 2906 vulgata
1007 2801 1147 2878 fuerint
1170 2797 1275 2876 ieiumi*

260 2933 416 3016 quorum
438 2911 489 2988 sat
508 2918 655 2988 uberem
677 2909 872 3008 quotannis
898 2906 1043 3000 copiam
1063 2898 1212 2996 profert
1274 2993 1275 3002 ἵ

263 3293 265 3303 ,
312 3212 456 3288 Tabula
468 3213 536 3288 IV.
561 3211 648 3290 sistit
669 3212 829 3306 plantam
856 3205 1056 3300 quadruplo
1079 3181 1275 3274 minoren

274 3327 278 3336 ’
309 3339 349 3404 '1.
379 3319 492 3405 fiores
516 3331 790 3424 iumagaaauaine
813 3328 968 3404 naturali.

301 3468 349 3520 ·2.
378 3449 525 3521 Stamina
547 3471 618 3521 cum
644 3444 813 3518 Antiatis.

316 3576 349 3656 3.
380 3565 547 3658 Pistr'iium
571 3565 699 3659 ejusque
714 3559 880 3656 stigmata.

262 3695 268 3704 '
314 3709 349 3779 4.
377 3687 514 3760 Semina.

532 3861 753 3886 m
