2654 4762
217 248 291 330 oso
400 227 404 236 ’
487 217 810 304 rusmucmo
841 219 1012 308 musar
1075 154 1083 160 ’

319 395 364 498 a>
390 405 660 504 Ornitbotropheo
683 406 747 484 seu
767 408 852 494 loca
870 408 1017 482 clathris
1036 407 1202 504 ligneis,
1223 410 1287 486 fer·

219 507 341 602 reisve
358 503 480 599 septa,
504 505 768 600 arboribusque
789 507 948 598 consata,
973 506 1011 580 in
1031 508 1173 600 quibus
1190 507 1285 584 Aves

221 602 454 696 confideent,
482 599 757 697 nidificentque.
807 603 932 678 Solum
960 605 1120 699 pulvere
1144 604 1283 683 stratum

220 705 284 797 fit,
310 701 462 795 inquo,
488 699 679 794 pediculos
694 701 861 798 abigendi
878 705 1015 799 gratia,
1039 701 1075 777 se
1093 697 1276 794 voluten't3

221 803 258 876 dc
279 822 371 894 aqua
391 800 523 889 alluat,
549 798 677 892 inqua
694 811 824 873 natent
846 801 908 872 vel
927 801 1113 875 laventur.
1168 801 1278 878 Arena

221 897 353 996 praesto
377 898 438 990 srt,
465 896 538 970 sme
556 917 627 988 qua
646 897 828 992 pleraque
850 898 1029 980 alimenta,
1042 899 1212 996 digerere
1227 923 1282 976 ne·

224 1007 372 1092 queunt.
425 994 525 1070 Hinc
546 1009 669 1068 tamen
692 993 922 1090 Accipitrum
947 1017 1036 1093 gens
1059 998 1209 1070 excludi
1230 999 1286 1072 de·

223 1099 310 1186 bet,
343 1093 478 1188 quippe
510 1113 612 1186 quae,
648 1103 757 1187 rapto
786 1093 916 1169 vivere
944 1093 1115 1190 adsueta,
1150 1109 1289 1170 ceteras

222 1193 333 1270 facile
363 1189 630 1286 depraedaretur
658 1191 832 1266 aviculas.
882 1191 1149 1268 Amstelodami
1175 1217 1289 1289 penes

223 1291 377 1384 Blaujan
401 1288 624 1384 conspicitur
647 1289 760 1364 hodie
777 1311 891 1363 cavea
908 1293 1077 1389 elegans,
1106 1313 1180 1386 qua
1199 1294 1287 1366 marl·

225 1403 273 1463 tae
296 1409 383 1462 aves
413 1386 570 1479 Indicae,
602 1401 645 1461 ut
669 1385 812 1461 Pfittaci
838 1387 906 1462 dcc.
934 1388 1197 1482 includuntur,
1226 1389 1287 1464 ubi

216 1483 432 1563 {remorato
444 1483 592 1582 dignum
606 1485 672 1576 est,
691 1507 796 1578 quam
812 1485 973 1561 modeste
986 1485 1178 1580 animalia,
1198 1489 1290 1564 idem

227 1587 341 1661 satum
368 1581 485 1676 palla,
519 1581 554 1656 se
582 1582 743 1656 invicem
771 1583 913 1678 ferant,
929 1596 987 1658 ut
1013 1583 1171 1660 Simiam
1197 1586 1286 1662 inb

229 1683 371 1756 Cervus
392 1675 574 1772 quiescere
597 1680 778 1774 patiatur,
803 1681 994 1758 Psittacum
1013 1681 1142 1756 Simia.
1186 1685 1289 1780 Apud

228 1779 332 1870 Nob.
359 1800 504 1872 quoque
524 1777 599 1852 Dn.
627 1777 812 1852 Praefidem
839 1780 997 1856 vidimus
1023 1779 1082 1854 his
1107 1783 1293 1876 annis,&

232 1878 376 1972 quidem
397 1873 530 1950 summa
550 1897 629 1949 cum
649 1874 913 1970 deletlatione,
937 1877 1089 1970 Simias,
1118 1876 1289 1978 Cercopi-

230 1979 381 2067 thecos,
407 1971 548 2067 Meles,
575 1974 745 2065 Sciruos,
769 1973 896 2048 Mures
909 1974 1143 2070 brasdianos,
1168 1979 1284 2072 Lares,

232 2071 562 2166 Coccotbraustas,
586 2073 777 2164 Pavones,
803 2073 968 2168 aliosque
991 2074 1112 2150 alites.

330 2199 372 2302 3)
403 2208 539 2305 Piscina
558 2205 597 2279 in
615 2205 744 2300 quibus
760 2205 863 2279 varia
879 2206 1028 2300 piscium
1044 2231 1195 2307 genera
1206 2217 1290 2288 altm-

233 2323 314 2396 tur,
350 2305 413 2378 ubi
442 2325 556 2397 usque
589 2305 681 2377 adeo
714 2301 922 2379 cicurantur
952 2305 1064 2402 saepe,
1101 2325 1152 2384 ut
1185 2312 1293 2404 fibsso,

234 2407 331 2501 quasa
359 2404 481 2500 ligne,
517 2401 635 2476 arceffi
668 2413 823 2494 queant,
855 2401 891 2476 dt
918 2403 1092 2478 alimenta
1118 2408 1172 2484 de
1198 2431 1297 2486 manu

234 2503 426 2578 offerentis
448 2501 640 2594 recipiant.
692 2500 1005 2600 Quemadmodum
1028 2501 1220 2604 Europaei
1241 2509 1296 2582 do

198 2601 371 2678 amicilia
396 2600 455 2672 sua
473 2598 585 2672 variis
610 2597 836 2686 emblematis
854 2614 1009 2693 ornant,
1036 2614 1156 2696 atque
1183 2623 1298 2682 toreu-

234 2699 363 2786 matis,
392 2697 437 2769 ad
462 2696 615 2768 eundem
634 2694 783 2770 modurn
802 2693 998 2772 Chinenses
1015 2697 1056 2773 in
1071 2697 1150 2776 suis
1169 2705 1300 2778 aedrbus

101 2887 104 2894 Ι
234 2794 463 2890 splendentes
491 2791 746 2868 CYPRINOS
769 2811 920 2886 calvatos,
946 2797 1150 2892 capacibus
1173 2803 1301 2878 fovent

235 2894 327 2969 vas1s
353 2887 548 2966 murrhinis
570 2889 631 2966 seu
651 2893 915 2987 porcellaneis,
942 2892 1058 2969 escam
1077 2897 1173 2992 ipfis
1192 2901 1301 2995 porri·

235 3004 326 3167 gunt
352 3010 483 3082 manu,
509 2987 544 3063 δι
572 2991 701 3065 oculos
727 2991 874 3088 egregio
906 2989 979 3066 hoc
1001 2991 1223 3089 speblaculo
1247 3019 1301 3094 pa·

251 3102 350 3166 cunt.
558 3139 561 3146 ⁴

332 3200 377 3300 4)
406 3206 652 3280 Entunodocbio
679 3219 768 3283 crmr'
787 3207 920 3282 loculis
947 3211 1072 3294 variis,
1088 3213 1252 3310 ligneis,
1271 3211 1299 3284 a

235 3307 435 3402 parietibus
465 3305 616 3394 vitreis,
647 3306 839 3400 valvisque
855 3328 914 3401 ‚ex
939 3309 1011 3381 tela
1038 3309 1195 3387 setacea
1221 3333 1298 3388 con·

236 3404 360 3494 settis,
393 3402 548 3498 primum
572 3401 731 3498 seculum
757 3405 874 3478 hocce
897 3405 1059 3481 nostrum
1078 3409 1188 3484 vidit
1215 3405 1298 3504 apul

238 3500 503 3575 curiosrffimum
518 3499 713 3574 Reaumur.
764 3503 833 3575 His
859 3503 1065 3580 carceribus
1088 3509 1294 3604 mancipan-

238 3614 297 3672 tur
327 3600 459 3688 larvae,
500 3619 573 3692 quo
606 3599 905 3694 metamorphosis
934 3621 1079 3696 earum,
1109 3629 1242 3686 mores
1269 3599 1292 3672 it

237 3697 444 3772 oeconomia
466 3693 681 3791 spetientur.

334 3805 378 3906 5)
403 3812 586 3906 Numquis
613 3836 684 3908 pro
716 3815 892 3890 Vermibus.
920 3823 1159 3916 receptacula
1195 3821 1297 3898 adam

237 3911 455 4004 instituerit,
477 3911 514 3984 oc
537 3932 606 4005 pro
625 3911 857 4010 Amphibiis,
882 3915 1038 4016 ignoro,
1062 3920 1125 3996 sed
1150 3917 1301 4018 posteris

431 4077 434 4084 .
1172 4035 1299 4106 ΠΜ,
