<?xml version="1.0" encoding="UTF-8"?>
<!DOCTYPE html PUBLIC "-//W3C//DTD XHTML 1.0 Transitional//EN"
    "http://www.w3.org/TR/xhtml1/DTD/xhtml1-transitional.dtd">
<html xmlns="http://www.w3.org/1999/xhtml" xml:lang="en" lang="en">
 <head>
  <title>
</title>
<meta http-equiv="Content-Type" content="text/html;charset=utf-8" />
  <meta name='ocr-system' content='tesseract 3.04.00' />
  <meta name='ocr-capabilities' content='ocr_page ocr_carea ocr_par ocr_line ocrx_word'/>
</head>
<body>
  <div class='ocr_page' id='page_1' title='image "./carolialinnequi09schrgoog_0249.png"; bbox 0 0 2568 4764; ppageno 0'>
   <div class='ocr_carea' id='block_1_1' title="bbox 277 182 948 296">
    <p class='ocr_par' dir='ltr' id='par_1_1' title="bbox 277 182 948 296">
     <span class='ocr_line' id='line_1_1' title="bbox 277 182 948 296; baseline -0.009 -30"><span class='ocrx_word' id='word_1_1' title='bbox 277 206 352 280; x_wconf 76' lang='lat'><strong>240</strong></span> <span class='ocrx_word' id='word_1_2' title='bbox 655 182 741 260; x_wconf 87' lang='lat' dir='ltr'><strong>cur</strong></span> <span class='ocrx_word' id='word_1_3' title='bbox 771 182 948 296; x_wconf 74' lang='lat' dir='ltr'><strong>ponor</strong></span> 
     </span>
    </p>
   </div>
   <div class='ocr_carea' id='block_1_2' title="bbox 175 359 1270 3958">
    <p class='ocr_par' dir='ltr' id='par_1_2' title="bbox 175 359 1270 3958">
     <span class='ocr_line' id='line_1_2' title="bbox 274 359 1270 458; baseline -0.001 -20"><span class='ocrx_word' id='word_1_4' title='bbox 274 363 327 438; x_wconf 90' lang='lat' dir='ltr'><strong>est</strong></span> <span class='ocrx_word' id='word_1_5' title='bbox 342 382 492 458; x_wconf 89' lang='lat' dir='ltr'><strong>parvum</strong></span> <span class='ocrx_word' id='word_1_6' title='bbox 506 359 753 454; x_wconf 77' lang='lat' dir='ltr'>conchylium,</span> <span class='ocrx_word' id='word_1_7' title='bbox 775 363 878 437; x_wconf 86' lang='lat' dir='ltr'><strong>nucis</strong></span> <span class='ocrx_word' id='word_1_8' title='bbox 896 363 1054 458; x_wconf 91' lang='lat' dir='ltr'><strong>corylini</strong></span> <span class='ocrx_word' id='word_1_9' title='bbox 1070 361 1183 456; x_wconf 81' lang='lat' dir='ltr'><strong>instar,</strong></span> <span class='ocrx_word' id='word_1_10' title='bbox 1202 361 1270 457; x_wconf 82' lang='lat' dir='ltr'><strong>quos</strong></span> 
     </span>
     <span class='ocr_line' id='line_1_3' title="bbox 274 458 1267 556; baseline -0.001 -21"><span class='ocrx_word' id='word_1_11' title='bbox 274 463 313 535; x_wconf 90' lang='lat' dir='ltr'><strong>in</strong></span> <span class='ocrx_word' id='word_1_12' title='bbox 331 459 452 533; x_wconf 91' lang='lat' dir='ltr'><strong>insulis</strong></span> <span class='ocrx_word' id='word_1_13' title='bbox 473 458 647 532; x_wconf 89' lang='lat' dir='ltr'><strong>Maldivis</strong></span> <span class='ocrx_word' id='word_1_14' title='bbox 667 481 688 532; x_wconf 91' lang='lat' dir='ltr'><strong>a</strong></span> <span class='ocrx_word' id='word_1_15' title='bbox 713 461 856 533; x_wconf 90' lang='lat' dir='ltr'><strong>seminis</strong></span> <span class='ocrx_word' id='word_1_16' title='bbox 885 463 1095 555; x_wconf 88' lang='lat' dir='ltr'><strong>plerumque</strong></span> <span class='ocrx_word' id='word_1_17' title='bbox 1119 461 1267 556; x_wconf 86' lang='lat' dir='ltr'><strong>colligitur,</strong></span> 
     </span>
     <span class='ocr_line' id='line_1_4' title="bbox 272 555 1270 634; baseline -0.004 -2"><span class='ocrx_word' id='word_1_18' title='bbox 272 558 357 632; x_wconf 90' lang='lat' dir='ltr'><strong>dum</strong></span> <span class='ocrx_word' id='word_1_19' title='bbox 386 555 456 630; x_wconf 89' lang='lat' dir='ltr'><strong>scil.</strong></span> <span class='ocrx_word' id='word_1_20' title='bbox 481 555 649 629; x_wconf 84' lang='lat' dir='ltr'>vadando</span> <span class='ocrx_word' id='word_1_21' title='bbox 682 557 726 630; x_wconf 90' lang='lat' dir='ltr'><strong>ad</strong></span> <span class='ocrx_word' id='word_1_22' title='bbox 758 559 883 630; x_wconf 87' lang='lat' dir='ltr'>littora</span> <span class='ocrx_word' id='word_1_23' title='bbox 914 559 1021 633; x_wconf 89' lang='lat' dir='ltr'><strong>maris</strong></span> <span class='ocrx_word' id='word_1_24' title='bbox 1052 558 1135 634; x_wconf 91' lang='lat' dir='ltr'><strong>illud</strong></span> <span class='ocrx_word' id='word_1_25' title='bbox 1159 557 1270 632; x_wconf 82' lang='lat' dir='ltr'><strong>sollicite</strong></span> 
     </span>
     <span class='ocr_line' id='line_1_5' title="bbox 272 653 1270 750; baseline -0.004 -24"><span class='ocrx_word' id='word_1_26' title='bbox 272 667 456 750; x_wconf 87' lang='lat' dir='ltr'><strong>quaerunt,</strong></span> <span class='ocrx_word' id='word_1_27' title='bbox 482 653 640 745; x_wconf 89' lang='lat' dir='ltr'><strong>illudque</strong></span> <span class='ocrx_word' id='word_1_28' title='bbox 658 655 748 726; x_wconf 88' lang='lat' dir='ltr'><strong>adeo</strong></span> <span class='ocrx_word' id='word_1_29' title='bbox 768 653 915 748; x_wconf 89' lang='lat' dir='ltr'>copiose</span> <span class='ocrx_word' id='word_1_30' title='bbox 930 657 1164 749; x_wconf 90' lang='lat' dir='ltr'><strong>conquirunt,</strong></span> <span class='ocrx_word' id='word_1_31' title='bbox 1182 668 1215 727; x_wconf 93' lang='lat' dir='ltr'><strong>ut</strong></span> <span class='ocrx_word' id='word_1_32' title='bbox 1229 653 1270 724; x_wconf 60' lang='lat' dir='ltr'><strong>tri?</strong></span> 
     </span>
     <span class='ocr_line' id='line_1_6' title="bbox 269 749 1270 850; baseline -0.003 -27"><span class='ocrx_word' id='word_1_33' title='bbox 269 752 383 850; x_wconf 82' lang='lat' dir='ltr'><strong>ginta,</strong></span> <span class='ocrx_word' id='word_1_34' title='bbox 401 751 474 824; x_wconf 91' lang='lat' dir='ltr'><strong>imo</strong></span> <span class='ocrx_word' id='word_1_35' title='bbox 485 750 717 844; x_wconf 86' lang='lat' dir='ltr'><strong>quadraginta</strong></span> <span class='ocrx_word' id='word_1_36' title='bbox 732 773 844 824; x_wconf 89' lang='lat' dir='ltr'><strong>naves</strong></span> <span class='ocrx_word' id='word_1_37' title='bbox 858 753 941 826; x_wconf 88' lang='lat' dir='ltr'><strong>inde</strong></span> <span class='ocrx_word' id='word_1_38' title='bbox 954 754 1144 846; x_wconf 87' lang='lat' dir='ltr'><strong>quotannis</strong></span> <span class='ocrx_word' id='word_1_39' title='bbox 1159 749 1270 826; x_wconf 84' lang='lat' dir='ltr'><strong>adAsri·</strong></span> 
     </span>
     <span class='ocr_line' id='line_1_7' title="bbox 269 847 1270 942; baseline -0.003 -19"><span class='ocrx_word' id='word_1_40' title='bbox 269 870 371 938; x_wconf 89' lang='lat' dir='ltr'><strong>cam,</strong></span> <span class='ocrx_word' id='word_1_41' title='bbox 400 849 590 942; x_wconf 83' lang='lat' dir='ltr'><strong>Bengalam</strong></span> <span class='ocrx_word' id='word_1_42' title='bbox 608 847 773 937; x_wconf 72' lang='lat' dir='ltr'><strong>sisium,</strong></span> <span class='ocrx_word' id='word_1_43' title='bbox 800 849 915 922; x_wconf 91' lang='lat' dir='ltr'><strong>hocce</strong></span> <span class='ocrx_word' id='word_1_44' title='bbox 936 851 1132 942; x_wconf 85' lang='lat' dir='ltr'><strong>conchylio</strong></span> <span class='ocrx_word' id='word_1_45' title='bbox 1151 849 1270 942; x_wconf 79' lang='lat' dir='ltr'><strong>replete,</strong></span> 
     </span>
     <span class='ocr_line' id='line_1_8' title="bbox 269 943 1270 1039; baseline -0.006 -19"><span class='ocrx_word' id='word_1_46' title='bbox 269 958 581 1039; x_wconf 85' lang='lat' dir='ltr'><strong>transportentur,</strong></span> <span class='ocrx_word' id='word_1_47' title='bbox 610 943 701 1017; x_wconf 89' lang='lat' dir='ltr'><strong>adeo</strong></span> <span class='ocrx_word' id='word_1_48' title='bbox 724 959 765 1017; x_wconf 90' lang='lat' dir='ltr'><strong>ut</strong></span> <span class='ocrx_word' id='word_1_49' title='bbox 789 946 826 1018; x_wconf 91' lang='lat' dir='ltr'><strong>in</strong></span> <span class='ocrx_word' id='word_1_50' title='bbox 850 947 942 1020; x_wconf 91' lang='lat' dir='ltr'><strong>locis</strong></span> <span class='ocrx_word' id='word_1_51' title='bbox 969 947 1161 1021; x_wconf 88' lang='lat' dir='ltr'><strong>nominatis</strong></span> <span class='ocrx_word' id='word_1_52' title='bbox 1181 965 1270 1039; x_wconf 80' lang='lat' dir='ltr'><strong>magra</strong></span> 
     </span>
     <span class='ocr_line' id='line_1_9' title="bbox 268 1039 1270 1140; baseline -0.007 -22"><span class='ocrx_word' id='word_1_53' title='bbox 268 1044 401 1140; x_wconf 86' lang='lat' dir='ltr'><strong>palatia</strong></span> <span class='ocrx_word' id='word_1_54' title='bbox 425 1042 479 1114; x_wconf 87' lang='lat' dir='ltr'><strong>his</strong></span> <span class='ocrx_word' id='word_1_55' title='bbox 502 1041 651 1114; x_wconf 85' lang='lat' dir='ltr'><strong>conchis</strong></span> <span class='ocrx_word' id='word_1_56' title='bbox 681 1043 827 1136; x_wconf 89' lang='lat' dir='ltr'><strong>impleta</strong></span> <span class='ocrx_word' id='word_1_57' title='bbox 852 1044 1105 1135; x_wconf 87' lang='lat' dir='ltr'><strong>inveniantur,</strong></span> <span class='ocrx_word' id='word_1_58' title='bbox 1128 1039 1270 1135; x_wconf 74' lang='lat' dir='ltr'><strong>utquere}</strong></span> 
     </span>
     <span class='ocr_line' id='line_1_10' title="bbox 268 1136 1268 1238; baseline -0.004 -24"><span class='ocrx_word' id='word_1_59' title='bbox 268 1139 516 1238; x_wconf 78' lang='lat' dir='ltr'><strong>pretiosissime</strong></span> <span class='ocrx_word' id='word_1_60' title='bbox 542 1136 811 1212; x_wconf 86' lang='lat' dir='ltr'><strong>conserventur.</strong></span> <span class='ocrx_word' id='word_1_61' title='bbox 862 1141 946 1214; x_wconf 92' lang='lat' dir='ltr'><strong>Hoc</strong></span> <span class='ocrx_word' id='word_1_62' title='bbox 973 1164 1126 1235; x_wconf 91' lang='lat' dir='ltr'><strong>namque</strong></span> <span class='ocrx_word' id='word_1_63' title='bbox 1153 1138 1268 1228; x_wconf 81' lang='lat' dir='ltr'><strong>conchy-</strong></span> 
     </span>
     <span class='ocr_line' id='line_1_11' title="bbox 190 1236 1266 1334; baseline -0.008 -20"><span class='ocrx_word' id='word_1_64' title='bbox 190 1274 192 1280; x_wconf 96' lang='lat'>·</span> <span class='ocrx_word' id='word_1_65' title='bbox 268 1239 356 1316; x_wconf 92' lang='lat' dir='ltr'><strong>lium</strong></span> <span class='ocrx_word' id='word_1_66' title='bbox 374 1238 423 1310; x_wconf 91' lang='lat' dir='ltr'><strong>ibi</strong></span> <span class='ocrx_word' id='word_1_67' title='bbox 443 1239 531 1310; x_wconf 82' lang='lat' dir='ltr'><strong>sicut</strong></span> <span class='ocrx_word' id='word_1_68' title='bbox 547 1236 681 1309; x_wconf 90' lang='lat' dir='ltr'><strong>nummi</strong></span> <span class='ocrx_word' id='word_1_69' title='bbox 699 1239 795 1309; x_wconf 89' lang='lat' dir='ltr'><strong>aurei</strong></span> <span class='ocrx_word' id='word_1_70' title='bbox 818 1237 1026 1334; x_wconf 83' lang='lat' dir='ltr'><strong>&amp;argentei</strong></span> <span class='ocrx_word' id='word_1_71' title='bbox 1045 1236 1138 1331; x_wconf 91' lang='lat' dir='ltr'><strong>apud</strong></span> <span class='ocrx_word' id='word_1_72' title='bbox 1157 1259 1214 1311; x_wconf 92' lang='lat' dir='ltr'><strong>nos</strong></span> <span class='ocrx_word' id='word_1_73' title='bbox 1229 1255 1266 1304; x_wconf 84' lang='lat' dir='ltr'><strong>n·</strong></span> 
     </span>
     <span class='ocr_line' id='line_1_12' title="bbox 266 1327 1264 1428; baseline -0.005 -17"><span class='ocrx_word' id='word_1_74' title='bbox 266 1340 331 1428; x_wconf 85' lang='lat' dir='ltr'><strong>let,</strong></span> <span class='ocrx_word' id='word_1_75' title='bbox 358 1336 493 1426; x_wconf 90' lang='lat' dir='ltr'><strong>illoque</strong></span> <span class='ocrx_word' id='word_1_76' title='bbox 510 1333 632 1406; x_wconf 88' lang='lat' dir='ltr'><strong>omnia</strong></span> <span class='ocrx_word' id='word_1_77' title='bbox 648 1331 728 1407; x_wconf 91' lang='lat' dir='ltr'><strong>sunt</strong></span> <span class='ocrx_word' id='word_1_78' title='bbox 739 1335 896 1426; x_wconf 87' lang='lat' dir='ltr'><strong>venalia,</strong></span> <span class='ocrx_word' id='word_1_79' title='bbox 924 1336 1034 1408; x_wconf 92' lang='lat' dir='ltr'><strong>immo</strong></span> <span class='ocrx_word' id='word_1_80' title='bbox 1051 1327 1264 1422; x_wconf 70' lang='lat' dir='ltr'><strong>hominesqli</strong></span> 
     </span>
     <span class='ocr_line' id='line_1_13' title="bbox 268 1429 1270 1520; baseline -0.011 -11"><span class='ocrx_word' id='word_1_81' title='bbox 268 1434 312 1508; x_wconf 89' lang='lat' dir='ltr'><strong>ad</strong></span> <span class='ocrx_word' id='word_1_82' title='bbox 334 1431 540 1505; x_wconf 89' lang='lat' dir='ltr'><strong>servitutem</strong></span> <span class='ocrx_word' id='word_1_83' title='bbox 565 1445 752 1520; x_wconf 88' lang='lat' dir='ltr'><strong>emuntur,</strong></span> <span class='ocrx_word' id='word_1_84' title='bbox 776 1431 906 1505; x_wconf 89' lang='lat' dir='ltr'><strong>eodem</strong></span> <span class='ocrx_word' id='word_1_85' title='bbox 931 1433 1129 1506; x_wconf 82' lang='lat' dir='ltr'><strong>solvuntau.</strong></span> <span class='ocrx_word' id='word_1_86' title='bbox 1176 1429 1270 1516; x_wconf 50' lang='lat' dir='ltr'><strong>Utre-j</strong></span> 
     </span>
     <span class='ocr_line' id='line_1_14' title="bbox 265 1521 1270 1624; baseline -0.01 -21"><span class='ocrx_word' id='word_1_87' title='bbox 265 1533 417 1620; x_wconf 86' lang='lat' dir='ltr'><strong>ticeam,</strong></span> <span class='ocrx_word' id='word_1_88' title='bbox 442 1527 539 1620; x_wconf 90' lang='lat' dir='ltr'><strong>quod</strong></span> <span class='ocrx_word' id='word_1_89' title='bbox 562 1527 630 1600; x_wconf 89' lang='lat' dir='ltr'><strong>alia</strong></span> <span class='ocrx_word' id='word_1_90' title='bbox 653 1529 847 1620; x_wconf 88' lang='lat' dir='ltr'><strong>conchylia</strong></span> <span class='ocrx_word' id='word_1_91' title='bbox 868 1529 961 1622; x_wconf 89' lang='lat' dir='ltr'><strong>apud</strong></span> <span class='ocrx_word' id='word_1_92' title='bbox 979 1531 1064 1602; x_wconf 83' lang='lat' dir='ltr'><strong>elias</strong></span> <span class='ocrx_word' id='word_1_93' title='bbox 1086 1543 1201 1624; x_wconf 85' lang='lat' dir='ltr'><strong>gentes</strong></span> <span class='ocrx_word' id='word_1_94' title='bbox 1220 1521 1270 1598; x_wconf 49' lang='lat' dir='ltr'><strong>usui¹</strong></span> 
     </span>
     <span class='ocr_line' id='line_1_15' title="bbox 265 1623 1266 1719; baseline -0.011 -16"><span class='ocrx_word' id='word_1_95' title='bbox 265 1630 333 1704; x_wconf 89' lang='lat' dir='ltr'><strong>fint</strong></span> <span class='ocrx_word' id='word_1_96' title='bbox 355 1640 396 1699; x_wconf 93' lang='lat' dir='ltr'><strong>ut</strong></span> <span class='ocrx_word' id='word_1_97' title='bbox 423 1647 560 1698; x_wconf 89' lang='lat' dir='ltr'><strong>cornua</strong></span> <span class='ocrx_word' id='word_1_98' title='bbox 583 1625 620 1698; x_wconf 92' lang='lat' dir='ltr'><strong>in</strong></span> <span class='ocrx_word' id='word_1_99' title='bbox 644 1623 848 1718; x_wconf 87' lang='lat' dir='ltr'><strong>sacrificiis,</strong></span> <span class='ocrx_word' id='word_1_100' title='bbox 876 1626 944 1701; x_wconf 90' lang='lat' dir='ltr'><strong>alia</strong></span> <span class='ocrx_word' id='word_1_101' title='bbox 964 1626 1102 1700; x_wconf 88' lang='lat' dir='ltr'><strong>utvasa</strong></span> <span class='ocrx_word' id='word_1_102' title='bbox 1122 1625 1266 1719; x_wconf 75' lang='lat' dir='ltr'><strong>prolata·</strong></span> 
     </span>
     <span class='ocr_line' id='line_1_16' title="bbox 264 1722 1270 1817; baseline -0.015 -17"><span class='ocrx_word' id='word_1_103' title='bbox 264 1726 357 1812; x_wconf 91' lang='lat' dir='ltr'><strong>cris,</strong></span> <span class='ocrx_word' id='word_1_104' title='bbox 384 1722 453 1796; x_wconf 86' lang='lat' dir='ltr'><strong>alia</strong></span> <span class='ocrx_word' id='word_1_105' title='bbox 477 1735 518 1795; x_wconf 91' lang='lat' dir='ltr'><strong>ut</strong></span> <span class='ocrx_word' id='word_1_106' title='bbox 544 1723 697 1815; x_wconf 89' lang='lat' dir='ltr'><strong>pocula,</strong></span> <span class='ocrx_word' id='word_1_107' title='bbox 723 1723 791 1795; x_wconf 82' lang='lat' dir='ltr'><strong>alia</strong></span> <span class='ocrx_word' id='word_1_108' title='bbox 813 1739 855 1796; x_wconf 91' lang='lat' dir='ltr'><strong>ut</strong></span> <span class='ocrx_word' id='word_1_109' title='bbox 882 1723 1018 1817; x_wconf 82' lang='lat' dir='ltr'><strong>thecae,</strong></span> <span class='ocrx_word' id='word_1_110' title='bbox 1050 1724 1184 1816; x_wconf 84' lang='lat' dir='ltr'><strong>aliaque</strong></span> <span class='ocrx_word' id='word_1_111' title='bbox 1212 1723 1270 1794; x_wconf 89' lang='lat' dir='ltr'><strong>loco</strong></span> 
     </span>
     <span class='ocr_line' id='line_1_17' title="bbox 264 1818 1270 1918; baseline -0.004 -22"><span class='ocrx_word' id='word_1_112' title='bbox 264 1820 500 1900; x_wconf 84' lang='lat' dir='ltr'><strong>artificiorum</strong></span> <span class='ocrx_word' id='word_1_113' title='bbox 522 1818 758 1913; x_wconf 87' lang='lat' dir='ltr'><strong>sculptilium,</strong></span> <span class='ocrx_word' id='word_1_114' title='bbox 786 1843 863 1913; x_wconf 89' lang='lat' dir='ltr'><strong>quae</strong></span> <span class='ocrx_word' id='word_1_115' title='bbox 886 1821 995 1918; x_wconf 85' lang='lat' dir='ltr'><strong>longe</strong></span> <span class='ocrx_word' id='word_1_116' title='bbox 1019 1819 1182 1916; x_wconf 88' lang='lat' dir='ltr'><strong>superant</strong></span> <span class='ocrx_word' id='word_1_117' title='bbox 1203 1819 1270 1912; x_wconf 73' lang='lat' dir='ltr'><strong>iuge,</strong></span> 
     </span>
     <span class='ocr_line' id='line_1_18' title="bbox 262 1914 713 2010; baseline -0.013 -16"><span class='ocrx_word' id='word_1_118' title='bbox 262 1917 363 1994; x_wconf 88' lang='lat' dir='ltr'><strong>niosa</strong></span> <span class='ocrx_word' id='word_1_119' title='bbox 388 1914 564 1990; x_wconf 86' lang='lat' dir='ltr'><strong>artificum</strong></span> <span class='ocrx_word' id='word_1_120' title='bbox 591 1939 713 2010; x_wconf 88' lang='lat' dir='ltr'><strong>opera.</strong></span> 
     </span>
     <span class='ocr_line' id='line_1_19' title="bbox 195 2011 1270 2108; baseline -0.008 -17"><span class='ocrx_word' id='word_1_121' title='bbox 195 2017 201 2027; x_wconf 85' lang='lat'>&#39;</span> <span class='ocrx_word' id='word_1_122' title='bbox 357 2036 648 2104; x_wconf 76' lang='lat' dir='ltr'><strong>rnrnrrrcnrrl,</strong></span> <span class='ocrx_word' id='word_1_123' title='bbox 674 2037 751 2107; x_wconf 84' lang='lat' dir='ltr'><strong>quae</strong></span> <span class='ocrx_word' id='word_1_124' title='bbox 782 2014 873 2087; x_wconf 87' lang='lat' dir='ltr'><strong>adeo</strong></span> <span class='ocrx_word' id='word_1_125' title='bbox 899 2016 1086 2090; x_wconf 88' lang='lat' dir='ltr'><strong>innumera</strong></span> <span class='ocrx_word' id='word_1_126' title='bbox 1111 2011 1270 2108; x_wconf 59' lang='lat' dir='ltr'><strong>deprehe*7</strong></span> 
     </span>
     <span class='ocr_line' id='line_1_20' title="bbox 260 2104 1270 2223; baseline -0.014 -33"><span class='ocrx_word' id='word_1_127' title='bbox 260 2114 413 2203; x_wconf 89' lang='lat' dir='ltr'><strong>duntur,</strong></span> <span class='ocrx_word' id='word_1_128' title='bbox 441 2111 578 2205; x_wconf 84' lang='lat' dir='ltr'><strong>specie,</strong></span> <span class='ocrx_word' id='word_1_129' title='bbox 606 2111 777 2185; x_wconf 79' lang='lat' dir='ltr'><strong>struslura</strong></span> <span class='ocrx_word' id='word_1_130' title='bbox 805 2125 912 2205; x_wconf 89' lang='lat' dir='ltr'><strong>atque</strong></span> <span class='ocrx_word' id='word_1_131' title='bbox 941 2113 1118 2186; x_wconf 87' lang='lat' dir='ltr'><strong>varietate</strong></span> <span class='ocrx_word' id='word_1_132' title='bbox 1137 2104 1270 2223; x_wconf 55' lang='lat' dir='ltr'><strong>pdiuersa,</strong></span> 
     </span>
     <span class='ocr_line' id='line_1_21' title="bbox 260 2202 1270 2306; baseline -0.009 -19"><span class='ocrx_word' id='word_1_133' title='bbox 260 2235 281 2287; x_wconf 88' lang='lat' dir='ltr'><strong>a</strong></span> <span class='ocrx_word' id='word_1_134' title='bbox 299 2223 433 2286; x_wconf 87' lang='lat' dir='ltr'><strong>naturae</strong></span> <span class='ocrx_word' id='word_1_135' title='bbox 451 2209 597 2306; x_wconf 84' lang='lat' dir='ltr'><strong>curiosis</strong></span> <span class='ocrx_word' id='word_1_136' title='bbox 617 2207 860 2296; x_wconf 87' lang='lat' dir='ltr'><strong>effodiuntur;</strong></span> <span class='ocrx_word' id='word_1_137' title='bbox 887 2231 980 2285; x_wconf 90' lang='lat' dir='ltr'><strong>anne</strong></span> <span class='ocrx_word' id='word_1_138' title='bbox 1000 2211 1076 2282; x_wconf 87' lang='lat' dir='ltr'><strong>haec</strong></span> <span class='ocrx_word' id='word_1_139' title='bbox 1094 2222 1199 2282; x_wconf 85' lang='lat' dir='ltr'><strong>enan</strong></span> <span class='ocrx_word' id='word_1_140' title='bbox 1217 2202 1270 2278; x_wconf 69' lang='lat' dir='ltr'><strong>sur:</strong></span> 
     </span>
     <span class='ocr_line' id='line_1_22' title="bbox 257 2301 1270 2384; baseline -0.01 0"><span class='ocrx_word' id='word_1_141' title='bbox 257 2331 362 2384; x_wconf 84' lang='lat' dir='ltr'><strong>vanae</strong></span> <span class='ocrx_word' id='word_1_142' title='bbox 391 2305 641 2380; x_wconf 70' lang='lat' dir='ltr'><strong>curiositates?</strong></span> <span class='ocrx_word' id='word_1_143' title='bbox 668 2327 745 2380; x_wconf 89' lang='lat' dir='ltr'><strong>non</strong></span> <span class='ocrx_word' id='word_1_144' title='bbox 770 2305 891 2380; x_wconf 90' lang='lat' dir='ltr'><strong>credo.</strong></span> <span class='ocrx_word' id='word_1_145' title='bbox 943 2306 1182 2380; x_wconf 87' lang='lat' dir='ltr'><strong>Observamus</strong></span> <span class='ocrx_word' id='word_1_146' title='bbox 1203 2301 1270 2376; x_wconf 85' lang='lat' dir='ltr'><strong>enin</strong></span> 
     </span>
     <span class='ocr_line' id='line_1_23' title="bbox 258 2399 1270 2495; baseline -0.002 -15"><span class='ocrx_word' id='word_1_147' title='bbox 258 2409 298 2482; x_wconf 89' lang='lat' dir='ltr'><strong>in</strong></span> <span class='ocrx_word' id='word_1_148' title='bbox 318 2405 503 2480; x_wconf 88' lang='lat' dir='ltr'><strong>montibus</strong></span> <span class='ocrx_word' id='word_1_149' title='bbox 524 2401 655 2476; x_wconf 88' lang='lat' dir='ltr'><strong>nostris</strong></span> <span class='ocrx_word' id='word_1_150' title='bbox 679 2403 867 2493; x_wconf 88' lang='lat' dir='ltr'><strong>animalia,</strong></span> <span class='ocrx_word' id='word_1_151' title='bbox 893 2402 1110 2495; x_wconf 89' lang='lat' dir='ltr'><strong>Conchylia,</strong></span> <span class='ocrx_word' id='word_1_152' title='bbox 1139 2399 1270 2478; x_wconf 74' lang='lat' dir='ltr'><strong>Concha</strong></span> 
     </span>
     <span class='ocr_line' id='line_1_24' title="bbox 258 2495 1270 2594; baseline -0.016 -17"><span class='ocrx_word' id='word_1_153' title='bbox 258 2503 487 2594; x_wconf 87' lang='lat' dir='ltr'><strong>Coralliaque</strong></span> <span class='ocrx_word' id='word_1_154' title='bbox 516 2498 683 2582; x_wconf 88' lang='lat' dir='ltr'><strong>rariffima</strong></span> <span class='ocrx_word' id='word_1_155' title='bbox 712 2515 818 2594; x_wconf 85' lang='lat' dir='ltr'><strong>atque</strong></span> <span class='ocrx_word' id='word_1_156' title='bbox 851 2501 890 2575; x_wconf 92' lang='lat' dir='ltr'><strong>in</strong></span> <span class='ocrx_word' id='word_1_157' title='bbox 921 2501 1122 2594; x_wconf 87' lang='lat' dir='ltr'><strong>lapidibus,</strong></span> <span class='ocrx_word' id='word_1_158' title='bbox 1149 2495 1270 2574; x_wconf 84' lang='lat' dir='ltr'><strong>baliano</strong></span> 
     </span>
     <span class='ocr_line' id='line_1_25' title="bbox 256 2596 1264 2691; baseline -0.01 -17"><span class='ocrx_word' id='word_1_159' title='bbox 256 2601 374 2674; x_wconf 85' lang='lat' dir='ltr'><strong>veluti</strong></span> <span class='ocrx_word' id='word_1_160' title='bbox 390 2596 542 2688; x_wconf 72' lang='lat' dir='ltr'><strong>infesta,</strong></span> <span class='ocrx_word' id='word_1_161' title='bbox 568 2620 645 2690; x_wconf 85' lang='lat' dir='ltr'><strong>quae</strong></span> <span class='ocrx_word' id='word_1_162' title='bbox 664 2598 735 2690; x_wconf 89' lang='lat' dir='ltr'><strong>jam</strong></span> <span class='ocrx_word' id='word_1_163' title='bbox 752 2598 790 2671; x_wconf 91' lang='lat' dir='ltr'><strong>in</strong></span> <span class='ocrx_word' id='word_1_164' title='bbox 813 2611 893 2672; x_wconf 91' lang='lat' dir='ltr'><strong>tota</strong></span> <span class='ocrx_word' id='word_1_165' title='bbox 906 2597 1055 2691; x_wconf 85' lang='lat' dir='ltr'><strong>Europa</strong></span> <span class='ocrx_word' id='word_1_166' title='bbox 1069 2597 1195 2671; x_wconf 82' lang='lat' dir='ltr'><strong>frustra</strong></span> <span class='ocrx_word' id='word_1_167' title='bbox 1207 2611 1264 2686; x_wconf 79' lang='lat' dir='ltr'><strong>qua·</strong></span> 
     </span>
     <span class='ocr_line' id='line_1_26' title="bbox 175 2686 1270 2786; baseline -0.013 -12"><span class='ocrx_word' id='word_1_168' title='bbox 175 2769 179 2774; x_wconf 89' lang='lat'>.</span> <span class='ocrx_word' id='word_1_169' title='bbox 254 2697 379 2772; x_wconf 77' lang='lat' dir='ltr'><strong>siveris</strong></span> <span class='ocrx_word' id='word_1_170' title='bbox 403 2693 500 2766; x_wconf 91' lang='lat' dir='ltr'><strong>viva.</strong></span> <span class='ocrx_word' id='word_1_171' title='bbox 550 2693 617 2766; x_wconf 86' lang='lat' dir='ltr'><strong>Illa</strong></span> <span class='ocrx_word' id='word_1_172' title='bbox 636 2693 769 2786; x_wconf 91' lang='lat' dir='ltr'><strong>solum,</strong></span> <span class='ocrx_word' id='word_1_173' title='bbox 800 2698 1025 2772; x_wconf 76' lang='lat' dir='ltr'><strong>occasionem</strong></span> <span class='ocrx_word' id='word_1_174' title='bbox 1045 2693 1113 2767; x_wconf 92' lang='lat' dir='ltr'><strong>tibi</strong></span> <span class='ocrx_word' id='word_1_175' title='bbox 1138 2686 1270 2780; x_wconf 64' lang='lat' dir='ltr'><strong>submisi</strong></span> 
     </span>
     <span class='ocr_line' id='line_1_27' title="bbox 254 2791 1270 2890; baseline -0.008 -20"><span class='ocrx_word' id='word_1_176' title='bbox 254 2793 364 2870; x_wconf 87' lang='lat' dir='ltr'><strong>strare</strong></span> <span class='ocrx_word' id='word_1_177' title='bbox 390 2805 545 2885; x_wconf 91' lang='lat' dir='ltr'><strong>queunt,</strong></span> <span class='ocrx_word' id='word_1_178' title='bbox 576 2792 655 2866; x_wconf 89' lang='lat' dir='ltr'><strong>aliis</strong></span> <span class='ocrx_word' id='word_1_179' title='bbox 682 2794 906 2884; x_wconf 88' lang='lat' dir='ltr'><strong>tacentibus,</strong></span> <span class='ocrx_word' id='word_1_180' title='bbox 935 2793 972 2866; x_wconf 92' lang='lat' dir='ltr'><strong>in</strong></span> <span class='ocrx_word' id='word_1_181' title='bbox 1001 2791 1115 2886; x_wconf 89' lang='lat' dir='ltr'><strong>prisca</strong></span> <span class='ocrx_word' id='word_1_182' title='bbox 1139 2803 1270 2890; x_wconf 64' lang='lat' dir='ltr'><strong>tempora</strong></span> 
     </span>
     <span class='ocr_line' id='line_1_28' title="bbox 252 2883 1270 2984; baseline -0.014 -16"><span class='ocrx_word' id='word_1_183' title='bbox 252 2889 548 2984; x_wconf 88' lang='lat' dir='ltr'><strong>retrospiciendi,</strong></span> <span class='ocrx_word' id='word_1_184' title='bbox 577 2912 617 2963; x_wconf 85' lang='lat' dir='ltr'><strong>ac</strong></span> <span class='ocrx_word' id='word_1_185' title='bbox 634 2889 786 2963; x_wconf 88' lang='lat' dir='ltr'><strong>sormam</strong></span> <span class='ocrx_word' id='word_1_186' title='bbox 809 2903 912 2963; x_wconf 75' lang='lat' dir='ltr'><strong>terrae</strong></span> <span class='ocrx_word' id='word_1_187' title='bbox 931 2891 1135 2981; x_wconf 88' lang='lat' dir='ltr'><strong>antiquam,</strong></span> <span class='ocrx_word' id='word_1_188' title='bbox 1159 2889 1227 2981; x_wconf 84' lang='lat' dir='ltr'><strong>ejus</strong></span> <span class='ocrx_word' id='word_1_189' title='bbox 1238 2883 1270 2954; x_wconf 66' lang='lat' dir='ltr'><strong>in«</strong></span> 
     </span>
     <span class='ocr_line' id='line_1_29' title="bbox 253 2973 1270 3080; baseline -0.012 -16"><span class='ocrx_word' id='word_1_190' title='bbox 253 3002 477 3064; x_wconf 84' lang='lat' dir='ltr'><strong>crementum</strong></span> <span class='ocrx_word' id='word_1_191' title='bbox 508 2986 869 3080; x_wconf 86' lang='lat' dir='ltr'><strong>&amp;metamorphosm</strong></span> <span class='ocrx_word' id='word_1_192' title='bbox 907 2985 1167 3060; x_wconf 79' lang='lat' dir='ltr'><strong>considerandi.</strong></span> <span class='ocrx_word' id='word_1_193' title='bbox 1230 2973 1270 3052; x_wconf 79' lang='lat' dir='ltr'><strong>rt</strong></span> 
     </span>
     <span class='ocr_line' id='line_1_30' title="bbox 251 3075 1270 3180; baseline -0.013 -18"><span class='ocrx_word' id='word_1_194' title='bbox 251 3088 325 3162; x_wconf 90' lang='lat' dir='ltr'><strong>hoc</strong></span> <span class='ocrx_word' id='word_1_195' title='bbox 354 3099 601 3180; x_wconf 83' lang='lat' dir='ltr'><strong>argumentum</strong></span> <span class='ocrx_word' id='word_1_196' title='bbox 629 3082 679 3157; x_wconf 88' lang='lat' dir='ltr'><strong>sat</strong></span> <span class='ocrx_word' id='word_1_197' title='bbox 705 3087 881 3178; x_wconf 88' lang='lat' dir='ltr'><strong>amplum,</strong></span> <span class='ocrx_word' id='word_1_198' title='bbox 913 3084 1010 3178; x_wconf 91' lang='lat' dir='ltr'><strong>quod</strong></span> <span class='ocrx_word' id='word_1_199' title='bbox 1041 3096 1162 3158; x_wconf 90' lang='lat' dir='ltr'><strong>totum</strong></span> <span class='ocrx_word' id='word_1_200' title='bbox 1189 3075 1270 3176; x_wconf 69' lang='lat' dir='ltr'><strong>quod«</strong></span> 
     </span>
     <span class='ocr_line' id='line_1_31' title="bbox 250 3179 1270 3275; baseline 0.002 -19"><span class='ocrx_word' id='word_1_201' title='bbox 250 3185 333 3259; x_wconf 89' lang='lat' dir='ltr'><strong>dam</strong></span> <span class='ocrx_word' id='word_1_202' title='bbox 355 3183 508 3275; x_wconf 88' lang='lat' dir='ltr'><strong>requirit</strong></span> <span class='ocrx_word' id='word_1_203' title='bbox 529 3183 702 3254; x_wconf 91' lang='lat' dir='ltr'><strong>volumen</strong></span> <span class='ocrx_word' id='word_1_204' title='bbox 721 3182 765 3254; x_wconf 90' lang='lat' dir='ltr'><strong>ad</strong></span> <span class='ocrx_word' id='word_1_205' title='bbox 790 3179 841 3256; x_wconf 92' lang='lat' dir='ltr'><strong>sui</strong></span> <span class='ocrx_word' id='word_1_206' title='bbox 866 3180 1160 3274; x_wconf 84' lang='lat' dir='ltr'><strong>explicationem.</strong></span> <span class='ocrx_word' id='word_1_207' title='bbox 1269 3243 1270 3258; x_wconf 41' lang='lat'><em>2</em></span> 
     </span>
     <span class='ocr_line' id='line_1_32' title="bbox 346 3277 1270 3375; baseline 0.002 -23"><span class='ocrx_word' id='word_1_208' title='bbox 346 3280 497 3352; x_wconf 85' lang='lat' dir='ltr'><strong>Utilitas</strong></span> <span class='ocrx_word' id='word_1_209' title='bbox 510 3281 665 3351; x_wconf 84' lang='lat' dir='ltr'><strong>Ferarum</strong></span> <span class='ocrx_word' id='word_1_210' title='bbox 681 3282 724 3366; x_wconf 66' lang='lat'><strong>&amp;⁹</strong></span> <span class='ocrx_word' id='word_1_211' title='bbox 740 3277 869 3352; x_wconf 83' lang='lat' dir='ltr'><strong>Auium</strong></span> <span class='ocrx_word' id='word_1_212' title='bbox 888 3279 1088 3375; x_wconf 80' lang='lat' dir='ltr'><strong>Rapacium,</strong></span> <span class='ocrx_word' id='word_1_213' title='bbox 1115 3300 1192 3372; x_wconf 85' lang='lat' dir='ltr'><strong>quae</strong></span> <span class='ocrx_word' id='word_1_214' title='bbox 1204 3291 1270 3354; x_wconf 75' lang='lat' dir='ltr'><strong>ocu</strong></span> 
     </span>
     <span class='ocr_line' id='line_1_33' title="bbox 251 3373 1270 3470; baseline -0.013 -16"><span class='ocrx_word' id='word_1_215' title='bbox 251 3379 384 3454; x_wconf 83' lang='lat' dir='ltr'><strong>nomiae</strong></span> <span class='ocrx_word' id='word_1_216' title='bbox 407 3375 536 3450; x_wconf 89' lang='lat' dir='ltr'><strong>nostrae</strong></span> <span class='ocrx_word' id='word_1_217' title='bbox 557 3376 707 3470; x_wconf 87' lang='lat' dir='ltr'><strong>privatae</strong></span> <span class='ocrx_word' id='word_1_218' title='bbox 729 3379 880 3450; x_wconf 92' lang='lat' dir='ltr'><strong>multum</strong></span> <span class='ocrx_word' id='word_1_219' title='bbox 898 3389 1055 3467; x_wconf 91' lang='lat' dir='ltr'><strong>nocent,</strong></span> <span class='ocrx_word' id='word_1_220' title='bbox 1083 3375 1178 3448; x_wconf 84' lang='lat' dir='ltr'><strong>haud</strong></span> <span class='ocrx_word' id='word_1_221' title='bbox 1194 3373 1270 3468; x_wconf 82' lang='lat' dir='ltr'><strong>plant</strong></span> 
     </span>
     <span class='ocr_line' id='line_1_34' title="bbox 251 3471 1270 3566; baseline -0.011 -17"><span class='ocrx_word' id='word_1_222' title='bbox 251 3477 351 3549; x_wconf 90' lang='lat' dir='ltr'><strong>nulla</strong></span> <span class='ocrx_word' id='word_1_223' title='bbox 374 3472 446 3564; x_wconf 88' lang='lat' dir='ltr'><strong>est,</strong></span> <span class='ocrx_word' id='word_1_224' title='bbox 475 3495 552 3566; x_wconf 88' lang='lat' dir='ltr'><strong>quae</strong></span> <span class='ocrx_word' id='word_1_225' title='bbox 576 3486 650 3546; x_wconf 91' lang='lat' dir='ltr'><strong>turn</strong></span> <span class='ocrx_word' id='word_1_226' title='bbox 673 3473 827 3566; x_wconf 90' lang='lat' dir='ltr'><strong>primum</strong></span> <span class='ocrx_word' id='word_1_227' title='bbox 850 3495 871 3548; x_wconf 90' lang='lat' dir='ltr'><strong>a</strong></span> <span class='ocrx_word' id='word_1_228' title='bbox 897 3473 1005 3548; x_wconf 88' lang='lat' dir='ltr'><strong>nobis</strong></span> <span class='ocrx_word' id='word_1_229' title='bbox 1035 3471 1270 3552; x_wconf 80' lang='lat' dir='ltr'><strong>observaretur,</strong></span> 
     </span>
     <span class='ocr_line' id='line_1_35' title="bbox 249 3567 1270 3664; baseline -0.014 -17"><span class='ocrx_word' id='word_1_230' title='bbox 249 3571 385 3664; x_wconf 88' lang='lat' dir='ltr'><strong>srapud</strong></span> <span class='ocrx_word' id='word_1_231' title='bbox 400 3592 468 3643; x_wconf 89' lang='lat' dir='ltr'><strong>nos</strong></span> <span class='ocrx_word' id='word_1_232' title='bbox 487 3568 785 3664; x_wconf 81' lang='lat' dir='ltr'><strong>exstirparentur3</strong></span> <span class='ocrx_word' id='word_1_233' title='bbox 814 3584 890 3644; x_wconf 92' lang='lat' dir='ltr'><strong>tum</strong></span> <span class='ocrx_word' id='word_1_234' title='bbox 907 3592 1060 3662; x_wconf 88' lang='lat' dir='ltr'><strong>namque</strong></span> <span class='ocrx_word' id='word_1_235' title='bbox 1086 3571 1164 3644; x_wconf 90' lang='lat' dir='ltr'><strong>illas</strong></span> <span class='ocrx_word' id='word_1_236' title='bbox 1187 3567 1270 3642; x_wconf 86' lang='lat' dir='ltr'><strong>liben-</strong></span> 
     </span>
     <span class='ocr_line' id='line_1_36' title="bbox 251 3663 1270 3762; baseline -0.008 -20"><span class='ocrx_word' id='word_1_237' title='bbox 251 3681 309 3742; x_wconf 90' lang='lat' dir='ltr'><strong>ter</strong></span> <span class='ocrx_word' id='word_1_238' title='bbox 331 3666 586 3740; x_wconf 89' lang='lat' dir='ltr'><strong>redimeremus</strong></span> <span class='ocrx_word' id='word_1_239' title='bbox 599 3668 736 3762; x_wconf 84' lang='lat' dir='ltr'><strong>magnis</strong></span> <span class='ocrx_word' id='word_1_240' title='bbox 754 3668 984 3760; x_wconf 86' lang='lat' dir='ltr'><strong>pecuniarum</strong></span> <span class='ocrx_word' id='word_1_241' title='bbox 1005 3665 1158 3740; x_wconf 88' lang='lat' dir='ltr'><strong>summis.</strong></span> <span class='ocrx_word' id='word_1_242' title='bbox 1206 3663 1270 3734; x_wconf 79' lang='lat' dir='ltr'><strong>Cuu</strong></span> 
     </span>
     <span class='ocr_line' id='line_1_37' title="bbox 249 3761 1270 3863; baseline -0.008 -25"><span class='ocrx_word' id='word_1_243' title='bbox 249 3787 362 3863; x_wconf 87' lang='lat' dir='ltr'><strong>parva</strong></span> <span class='ocrx_word' id='word_1_244' title='bbox 399 3765 459 3847; x_wconf 84' lang='lat' dir='ltr'><strong>illa</strong></span> <span class='ocrx_word' id='word_1_245' title='bbox 491 3767 609 3838; x_wconf 78' lang='lat' dir='ltr'><strong>Cornix</strong></span> <span class='ocrx_word' id='word_1_246' title='bbox 634 3786 654 3836; x_wconf 90' lang='lat' dir='ltr'><strong>e</strong></span> <span class='ocrx_word' id='word_1_247' title='bbox 677 3764 844 3860; x_wconf 84' lang='lat' dir='ltr'><strong>Virginia</strong></span> <span class='ocrx_word' id='word_1_248' title='bbox 875 3762 1019 3856; x_wconf 82' lang='lat' dir='ltr'><strong>expulsa</strong></span> <span class='ocrx_word' id='word_1_249' title='bbox 1048 3763 1155 3854; x_wconf 90' lang='lat' dir='ltr'><strong>esset,</strong></span> <span class='ocrx_word' id='word_1_250' title='bbox 1193 3761 1270 3846; x_wconf 78' lang='lat' dir='ltr'><strong>liqut</strong></span> 
     </span>
     <span class='ocr_line' id='line_1_38' title="bbox 249 3855 1270 3958; baseline -0.005 -17"><span class='ocrx_word' id='word_1_251' title='bbox 249 3862 367 3941; x_wconf 87' lang='lat' dir='ltr'><strong>sumtu</strong></span> <span class='ocrx_word' id='word_1_252' title='bbox 380 3861 573 3938; x_wconf 79' lang='lat' dir='ltr'><strong>multantur</strong></span> <span class='ocrx_word' id='word_1_253' title='bbox 587 3860 664 3937; x_wconf 88' lang='lat' dir='ltr'><strong>auri</strong></span> <span class='ocrx_word' id='word_1_254' title='bbox 683 3873 899 3956; x_wconf 88' lang='lat' dir='ltr'><strong>tonuarum,</strong></span> <span class='ocrx_word' id='word_1_255' title='bbox 924 3861 1054 3940; x_wconf 80' lang='lat' dir='ltr'><strong>incole</strong></span> <span class='ocrx_word' id='word_1_256' title='bbox 1076 3863 1153 3955; x_wconf 87' lang='lat' dir='ltr'><strong>ejus</strong></span> <span class='ocrx_word' id='word_1_257' title='bbox 1166 3855 1270 3958; x_wconf 62' lang='lat' dir='ltr'><strong>Regi?⁴</strong></span> 
     </span>
    </p>
   </div>
   <div class='ocr_carea' id='block_1_3' title="bbox 0 0 1288 4764">
    <p class='ocr_par' dir='ltr' id='par_1_3' title="bbox 0 0 1288 4764">
     <span class='ocr_line' id='line_1_39' title="bbox 0 0 1288 4764; baseline 0 8"><span class='ocrx_word' id='word_1_258' title='bbox 0 0 1288 4764; x_wconf 95' lang='lat' dir='ltr'><strong> </strong></span> 
     </span>
    </p>
   </div>
  </div>
 </body>
</html>
