2568 4764
334 243 632 347 cinnomus
746 369 754 378 .
941 287 1010 366 253

13 465 81 537 nus,
100 443 151 520 sed
174 445 232 546 illa
258 450 375 524 oculis
397 449 573 544 inspicere
600 451 764 524 armatis:
789 443 1013 524 animadver-

15 555 93 616 rmus
113 567 259 638 namque
276 561 373 638 turn,
396 563 568 640 quantam
586 563 698 622 artem
715 549 879 622 Summus
893 569 1014 622 rerum

10 639 95 713 Sator
118 643 329 738 impenderit
356 645 438 718 illis.
1010 670 1014 682 ¹

74 759 136 930 (qui
158 759 449 862 eragnrnomiam
475 765 651 858 quandam
675 765 914 860 contemplari
934 765 1016 838 vult

9 855 236 952 nicrocopio,
277 859 496 936 confiteatur
534 863 673 936 necesse
706 863 796 954 est,
822 859 855 935 se
889 861 1014 936 videre

10 955 120 1028 marine
150 955 363 1050 stupendum
391 973 498 1054 atque
533 957 778 1056 admirandum
810 961 1014 1056 phenome·

14 1071 68 1120 nun.
107 1053 213 1126 Mum
237 1055 417 1148 myriades
446 1057 633 1132 hominum
663 1059 759 1132 Pane
783 1055 938 1132 secalino
963 1056 1014 1130 su·
1083 1056 1087 1075 '

17 1143 109 1222 lutati
132 1151 233 1244 sunt,
269 1151 326 1226 sed
349 1153 416 1226 vix
439 1175 532 1228 unus
563 1153 700 1228 centies
725 1155 877 1229 millium
907 1157 1016 1228 secale

17 1243 70 1314 uidit
82 1247 251 1341 crescens,
277 1271 357 1322 cum
375 1251 502 1346 glumis
521 1249 589 1326 suis
608 1254 765 1342 armatis,
783 1251 895 1328 modo
913 1273 1014 1348 pror·

11 1337 240 1439 lustupendo.
299 1345 380 1440 Tu,
410 1349 471 1442 qui
500 1351 572 1424 lroc
598 1349 723 1426 videre
753 1351 877 1444 cupis,
909 1347 1015 1444 inspi-

10 1437 72 1530 o'as,
96 1443 230 1536 quaeso,
257 1445 434 1538 ejusmodi
458 1443 588 1542 spicam
609 1447 872 1542 Microscopio.
1012 1500 1014 1508 .

72 1557 153 1634 Dies
180 1561 301 1656 prius,
333 1585 441 1658 quam
468 1561 617 1638 materia
643 1563 731 1640 mihi
760 1563 956 1656 deiiceret,
990 1565 1016 1640 sa

7 1671 72 1758 aare
87 1657 153 1731 hoc
178 1659 422 1755 amplissimum
450 1663 681 1738 transfretare
703 1683 865 1738 conarer.
916 1659 1017 1736 Finis

7 1764 92 1842 laque
121 1779 240 1832 rerum
272 1771 472 1834 creatarum
500 1759 561 1835 hic
592 1757 689 1846 esto;
729 1761 826 1854 quod
857 1757 1018 1852 quedam

7 1843 152 1928 Medicina
183 1854 323 1930 homini
353 1857 440 1950 fint,
475 1857 633 1952 quadam
660 1857 890 1950 alimentum,
925 1881 1016 1950 quae·

7 1939 59 2018 dau
81 1950 113 2024 in
142 1955 349 2029 oeconomia
380 1953 448 2028 fint
479 1955 606 2048 utilia,
645 1977 807 2049 quaenam
838 1955 876 2030 in
906 1951 1017 2032 finem

7 2043 100 2120 abeant
115 2049 379 2126 intermedium.
429 2049 515 2126 Alia
532 2051 762 2148 Vegetabilia
782 2067 912 2126 terram
928 2077 1016 2148 pru·

6 2159 114 2236 quant,
142 2145 214 2220 alia
237 2149 409 2242 operiunt
435 2147 546 2246 magis
572 2149 765 2242 sensibilia,
791 2164 920 2244 practer
944 2151 1017 2222 hoc

10 2241 73 2326 quod
87 2243 152 2318 alia
173 2259 305 2318 terram
322 2247 430 2320 viridi
454 2247 742 2342 &pulcherrimo
766 2259 909 2342 tapete,
937 2246 1017 2320 illo-

13 2343 225 2438 quepereuni,
253 2341 470 2436 investiant,
495 2343 634 2436 aliaque
653 2345 755 2418 lucos
779 2341 1016 2432 constituant,

17 2449 40 2500 ¹11
55 2439 157 2524 qubus
186 2439 498 2536 refrigerationem
526 2439 741 2530 habeamus,
778 2441 847 2514 alia
871 2441 1019 2536 globum

15 2529 126 2610 nomm
144 2551 279 2612 ornant
297 2539 447 2612 floribus
464 2537 532 2612 suis
551 2537 825 2636 elegantiilimis,
850 2537 910 2632 qui
927 2538 1019 2612 odo-

10 2643 56 2700 ren
77 2631 238 2730 spargunt
269 2633 513 2710 suaviffimum.
581 2633 716 2710 Omnia
748 2633 904 2728 denique
935 2633 1019 2710 satis

7 2717 139 2821 lipaque
161 2729 411 2808 demonstrant
429 2731 614 2808 Creatoris
632 2731 881 2830 Sapientiliimi
903 2733 1019 2808 omni.

5 2813 172 2930 scientiam,
197 2829 258 2924 qui
282 2829 374 2904 nihil
399 2827 526 2906 frustra
552 2831 713 2924 creavit,
736 2827 794 2904 sed
820 2831 942 2906 omnia
965 2855 1018 2906 ar·

4 2917 205 3001 alciosaffime
238 2927 430 3020 instruxit,
471 2929 562 3002 adeo
589 2943 631 3002 ut
661 2951 717 3002 ars
744 2923 892 3021 nostra,
932 2929 1021 3004 licet

5 3021 142 3122 narina,
169 3047 216 3098 ne
237 3023 426 3098 minimum
442 3025 587 3120 quidem
609 3023 740 3098 imitari
763 3037 882 3120 queat.
933 3025 1020 3100 Hoc

4 3125 93 3206 ltaque
113 3121 411 3197 inconsideratum
435 3121 459 3196 fi
483 3123 790 3216 relinqueremus,
818 3119 913 3196 idem
937 3119 1020 3196 sane

1 3205 88 3286 luisset
106 3241 145 3292 ac
168 3219 192 3294 ss
214 3241 370 3316 gemmas
391 3217 509 3294 suibus
536 3220 737 3316 projiceret
760 3217 913 3292 Natura.
1012 3226 1016 3235 '
1084 3221 1090 3232 “

69 3354 136 3456 Qui
168 3375 251 3426 erun
280 3351 506 3448 mysterismo
536 3375 556 3426 a
580 3373 637 3426 me
664 3355 814 3446 quaeris,
858 3359 920 3430 oei
946 3359 1022 3430 lana

8 3492 10 3497 ,
43 3447 86 3538 is,
115 3453 256 3543 planta,
281 3465 344 3524 aut
364 3451 496 3524 anirnal
512 3451 692 3544 quoddam
712 3451 775 3543 lit,
801 3465 838 3526 te
854 3467 1023 3548 rogatum

8 3543 89 3634 olo,
111 3559 149 3620 ut
170 3549 293 3622 animo
321 3547 493 3642 evigiles,
517 3549 601 3624 dum
620 3547 719 3620 vivis
743 3549 962 3644 inmundo,
988 3551 1024 3624 dt

6 3670 42 3698 a·
65 3642 112 3716 ias
131 3648 272 3720 oculos.
323 3645 412 3718 Haec
434 3645 557 3718 omnia
582 3669 675 3742 opus
698 3645 878 3740 quoddam
901 3647 1024 3724 huma-

8 3766 12 3791 ι
93 3763 166 3816 non
194 3741 297 3832 sunt,
333 3739 392 3814 sed
426 3739 531 3835 ipsius
564 3741 748 3816 Creatoris
782 3741 1023 3838 sapientimnl

4 3833 183 3932 artificium,
208 3841 269 3934 qui
283 3839 318 3914 dt
332 3850 375 3910 te·
389 3837 492 3911 &me
507 3839 657 3914 creavit.
708 3839 882 3918 Instruxit
905 3841 965 3915 ille
985 3841 1025 3914 in

5 3925 87 4014 sobo
110 3935 231 4014 nostro
257 3937 499 4016 oeconomiara
532 3935 676 4033 prorsus
710 3937 949 4016 admirandam
978 3955 1028 4036 eg

897 4135 900 4144 .
968 4034 1023 4128 Ψ·
