2572 4756
251 170 321 262 ert
429 139 787 230 montinum·
812 149 1107 239 nornurcns.

129 391 138 404 .
249 339 386 426 tribus,
409 332 481 408 huc
502 354 615 428 usque
633 331 789 410 maxime
808 331 879 408 fuit
896 336 1066 434 neglecta.
1109 335 1186 414 Hac
1200 341 1250 416 trin

247 434 416 535 junbiim,
441 429 540 525 q‘uod
555 430 600 504 ad
612 431 811 527 progressus
829 453 957 508 eorum
972 457 1114 527 omnes,
1134 435 1178 510 ita
1194 461 1250 532 pen

247 533 366 628 sequi,
391 539 433 604 ut
452 530 564 604 ferret
582 549 709 603 eorum
726 531 761 603 bt
776 529 948 606 historica
961 533 1140 630 cognitio,
1159 533 1253 609 &na-

248 631 366 711 ximus
383 626 485 720 usus,
511 641 613 702 curta
634 649 715 700 mea
738 627 896 723 supellex
911 651 988 706 non
1002 632 1156 735 patiam
1172 632 1252 707 scien·

247 729 335 803 tiam
349 727 457 824 igitur
476 725 712 817 Botanicam,
737 748 887 820 eamque
905 726 1027 821 solam,
1047 743 1088 804 ut
1103 750 1177 806 meo
1194 752 1250 824 qu

246 828 418 920 licunque
457 823 661 918 propositio
698 825 927 918 proximam,
972 827 1097 922 paucis
1127 839 1250 923 bingin,

246 925 356 1019 idque
384 923 457 1013 ita,
485 933 547 1010 ut,
577 922 679 1014 'quasr
705 943 771 1016 per
793 927 1023 998 transennam
1049 925 1182 1015 eundo,
1206 945 1249 998 no

247 1036 326 1096 tatu
356 1021 521 1117 digniora
547 1017 684 1094 fistam:
714 1017 900 1094 historiam
931 1023 1028 1096 enim
1057 1020 1250 1110 conscribere,

248 1120 418 1196 omnibus
438 1115 506 1192 suis
527 1117 687 1191 numeris
708 1115 923 1212 perfectam,
947 1141 1014 1194 eos
1037 1119 1250 1292 transferre·

247 1231 307 1292 tur
331 1217 602 1308 limires;,·.quos
624 1213 854 1308 disquifiones
876 1217 1105 1292 Academeae
1147 1216 1247 1308 hipra·

246 1313 342 1391 fixos
363 1315 508 1388 habent.
559 1311 686 1405 Itaque
705 1310 853 1386 sufficiet
874 1313 985 1388 etiam
1008 1316 1121 1406 mihi,
1143 1307 1244 1388 inobi-

246 1413 378 1490 lissnnae
407 1412 512 1504 hujus
540 1410 696 1484 scientiae
722 1410 903 1504 praecipua
929 1419 1124 1488 incrernenta
1145 1409 1249 1497 amm,

246 1512 435 1609 postquam
458 1507 646 1602 primarias
675 1509 752 1601 ejus
780 1507 950 1601 Epochae
977 1507 1179 1604 pauciffimie
1200 1521 1247 1578 rur

247 1623 325 1684 tum
349 1607 465 1704 tetigi.
515 1597 706 1698 Proposrto
730 1627 823 1678 vero
847 1605 933 1682 huic
954 1629 1063 1698 meo,
1090 1609 1164 1702 pius
1182 1621 1247 1696 qum

246 1705 426 1795 innoxio,
448 1716 490 1776 ut
511 1701 615 1774 Tuus
639 1702 726 1775 adsit
748 1702 877 1792 favor,
905 1702 948 1778 L.
967 1703 1010 1777 C.
1032 1704 1086 1780 est
1108 1705 1143 1780 id
1164 1700 1250 1798 ipsun,

247 1805 292 1882 de
314 1824 387 1899 quo
407 1795 632 1898 perofficiose
655 1797 714 1874 Te
735 1813 904 1897 rogatum
925 1803 1051 1880 velim.

707 2001 742 2091 §.
792 1995 841 2073 ΙΙ.

344 2137 434 2212 Fata
461 2126 677 2224 Botanices,
714 2131 739 2206 fi
764 2129 927 2206 nostrum
955 2129 1042 2206 esset
1071 2133 1110 2208 in
1133 2123 1255 2227 prasenti

247 2249 414 2316 accurate
440 2231 638 2326 pensitare,
672 2229 717 2304 ad
746 2242 901 2323 quatuor
931 2251 1107 2306 nrocnns
1130 2251 1168 2304 ea
1190 2245 1266 2335 con-p

246 2337 356 2414 mode
388 2327 556 2406 revocari
590 2325 689 2421 posse
718 2323 940 2416 diceremus;
973 2349 1122 2421 quarum
1152 2349 1179 2400 1.
1196 2343 1256 2400 tre

247 2455 327 2511 cna
359 2450 525 2518 nnrnuu
557 2423 779 2516 Botanices,
819 2445 861 2496 ea
893 2438 1033 2499 tantum
1071 2424 1265 2507 contineret,

248 2553 325 2627 quae
344 2551 364 2603 a
382 2525 607 2620 temporibus
629 2523 818 2610 Aristotelis
843 2543 957 2616 usque
983 2521 1026 2596 ad
1048 2521 1257 2617 reformatum

245 2639 450 2708 memoratu
475 2621 580 2714 digna
609 2617 849 2695 censerentur.
899 2641 1058 2696 unocurt
1091 2623 1264 2696 rotmaro-i

246 2753 356 2819 num,
380 2745 444 2811 ea,
473 2737 551 2809 quae
572 2713 844 2806 areformationis
868 2718 1117 2812 temporibus,
1141 2715 1179 2790 ad
1199 2729 1263 2800 ten,

245 2849 339 2924 pora
367 2841 469 2894 cnse.
499 2833 675 2887 unorum
704 2815 802 2888 circa
828 2835 961 2889 annum
996 2821 1102 2890 1620.
1130 2809 1263 2889 traderet*

248 2949 282 3021 3.
311 2936 470 2996 nnocnn
497 2931 863 2986 srsrumnmconuu
888 2935 909 2985 a
933 2909 1035 3007 Casp.
1062 2911 1211 2988 Bauhino
1232 2899 1262 2994 ad,

247 3041 366 3098 aevum
390 3009 493 3083 Nob.
521 3005 569 3080 D.
598 3031 799 3082 rnnsrnrs.
849 3031 1005 3084 arocnn
1038 2999 1262 3086 naronunwi

246 3140 333 3200 uum
356 3113 400 3185 ab
426 3127 524 3180 anno
550 3106 656 3200 hujus
682 3104 791 3180 seculi
814 3107 965 3182 XXXV.

446 3301 468 3342 ⁴
494 3300 772 3386 EPOCHA
821 3301 1119 3390 PATRUM.

341 3461 442 3537 Inter
465 3457 668 3549 Αυᾶοτεε,
695 3457 757 3550 qui
776 3457 816 3532 in
837 3477 965 3532 merua
984 3474 1162 3542 moene,
1184 3441 1259 3529 uoti

246 3561 339 3640 nicis
363 3559 481 3633 studio
507 3565 690 3631 naverunt
712 3576 883 3647 operam,
915 3551 1097 3648 praecipue
1124 3546 1258 3622 inclarut‘

107 3651 114 3668 ⁸
244 3671 331 3738 runt
364 3655 618 3751 Theophrastus,
651 3651 858 3747 Dioscorides
883 3649 919 3722 δι
942 3653 1097 3736 Plinius,-
1131 3637 1258 3761 Quotus

244 3755 472 3852 temporibus
499 3751 650 3828 scientia
666 3751 744 3824 haec
759 3749 882 3825 nostra
898 3747 1014 3823 adhuc
1029 3747 1068 3822 in
1084 3763 1180 3819 ermis
1196 3721 1257 3830 qui

244 3853 315 3931 suis
343 3852 480 3953 vagiit3
516 3854 637 3929 rerum
660 3847 760 3926 enim
782 3845 1002 3934 manualium
1026 3842 1256 4026 perithogjeai

368 4005 373 4018 ‘
1255 4005 1256 4041 r
