2572 4756
78 151 81 160 ’
220 211 302 284 322·
417 181 693 264 MlRACULA
724 184 1078 270 mstcrorum.

222 370 385 447 insanum
402 365 484 440 fore
506 380 569 440 aut
583 381 740 442 mortem
757 370 942 445 obitumm
962 393 1088 446 omnes
1115 372 1275 468 quotidie

223 470 435 554 crederent3
459 468 558 539 lente
583 480 704 540 tamen
733 469 816 564 post
838 483 962 542 tantos
989 473 1172 545 cruciatus
1195 495 1275 546 coo·

224 567 363 657 valuit,
389 564 557 638 omnibus
575 564 701 659 ignota
722 564 837 638 caussa
856 567 953 641 mali.
1002 567 1167 662 Populus
1185 573 1273 644 Ball

222 675 283 744 nic
311 665 572 762 septentrionalis
603 663 801 757 vulgariter
841 680 1129 757 commemorat,
1175 667 1274 740 vastis

223 784 350 840 eorum
369 759 558 854 paludibus
579 759 699 832 aestate
721 761 896 834 calidiore
913 763 1121 854 exsiccatis,
1149 763 1276 858 aliquid

222 886 289 960 per
306 866 426 932 a'e'rem
450 856 646 945 advenire,
672 857 790 954 quod,
816 859 899 932 dum
923 860 960 933 in
980 882 1113 954 corpus
1137 861 1274 952 incidit,

223 957 446 1036 horrendum
458 954 569 1028 infert
587 953 767 1047 dolorem,
789 955 1112 1032 &inessentialem
1130 959 1273 1052 quadam

166 1125 170 1138 .
225 1054 393 1152 corporis
417 1065 557 1147 partem
579 1051 780 1145 delapsum,
806 1056 869 1127 vel
889 1056 928 1129 in
951 1055 1071 1128 cibum
1106 1055 1274 1152 illapsum,

182 1151 187 1164 ’
224 1167 382 1244 mortem
413 1149 530 1222 adfert
559 1149 830 1242 inevitabilem,
864 1165 1085 1246 quapropter
1114 1157 1273 1228 vulnera·

225 1268 299 1330 tam
333 1261 497 1346 partem,
530 1245 660 1320 dolore
692 1249 865 1343 cognito,
900 1249 1018 1324 statim
1048 1253 1223 1342 cultello,
1250 1251 1271 1324 li

224 1356 330 1428 locus
346 1346 534 1435 admittat,
560 1343 774 1418 detruncare
793 1344 894 1420 solet.
944 1345 1047 1443 JAC.
1063 1345 1271 1424 ERWAST

225 1453 261 1528 h.
284 1463 311 1523 t.
337 1445 462 1520 Pastor
485 1443 524 1515 in
554 1443 682 1532 Kiemi,
717 1457 801 1516 ante
829 1446 969 1540 aliquot
1003 1468 1119 1520 annos
1156 1449 1273 1520 malum

209 1545 408 1643 'ejusmodi
432 1540 493 1614 sub
521 1539 638 1613 sorma
665 1542 856 1615 vermiculi
882 1541 1111 1634 subtiliffimi,
1142 1543 1203 1618 sed
1224 1544 1274 1618 lic·

229 1648 372 1758 catpm,
397 1651 439 1713 ut
453 1660 531 1713 non
547 1635 707 1732 dignosci
727 1638 862 1732 posset,
888 1641 931 1713 ad
949 1643 1036 1714 Nol.
1049 1642 1100 1713 D.
1112 1641 1273 1736 Praefideu

228 1739 444 1828 transmisit,
473 1735 571 1828 quod
597 1733 657 1808 sub
683 1737 837 1830 prandio
862 1737 1089 1818 observatum
1114 1738 1159 1814 in
1178 1739 1276 1834 patei·

228 1844 301 1916 lam
321 1833 513 1911 cecidisset.
565 1831 665 1906 ldem
689 1835 820 1906 malum
839 1835 1162 1928 frequentiffimum
1181 1837 1277 1910 estin

230 1938 425 2022 Ilipla-radia,
451 1953 528 2006 non
550 1928 663 2004 solum
679 1931 718 2003 in
736 1931 966 2023 hominibus,
991 1931 1049 2006 sed
1062 1933 1098 2006 δι
1111 1931 1277 2027 jumentis

231 2035 266 2114 δι
296 2031 501 2128 pecoribus.
600 2027 719 2100 uidam
746 2028 828 2122 post
853 2029 1017 2102 dolorem
1041 2031 1193 2124 aliquot
1216 2032 1278 2106 die-

230 2153 337 2222 rum,
374 2130 413 2202 in
445 2029 654 2220 quibuddam
687 2127 854 2220 corporis
892 2127 1053 2222 partibus
1085 2127 1279 2205 subfuscum

229 2230 326 2404 duafi
349 2225 520 2322 pundlum
536 2225 705 2312 videbat3
731 2223 774 2296 ad
796 2225 832 2296 id
854 2223 1046 2299 sanandum
1061 2228 1161 2302 varii
1177 2227 1279 2314 varia,

245 2328 289 2404 cd
314 2345 441 2400 omnes
467 2320 595 2396 frustra
624 2321 875 2415 applicabant,
905 2324 1129 2415 usquedum
1161 2323 1280 2418 aliquis

230 2428 470 2518 embryonem
493 2418 585 2493 casei
609 2421 670 2492 vel
694 2419 750 2492 lac
773 2441 888 2514 nuper
908 2423 1140 2516 coagulatum
1169 2421 1280 2496 admo·

230 2537 358 2612 veret,
382 2519 479 2593 unde
500 2517 607 2591 dolor
627 2518 883 2602 remittebat&
900 2519 1119 2594 vermiculus
1140 2521 1285 2610 duaqm

232 2624 408 2710 linearum
424 2616 673 2712 longitudine,
698 2637 718 2689 e
734 2637 891 2710 corpore
907 2617 1065 2690 dolentis
1081 2617 1237 2714 egressus
1250 2619 1284 2703 in,

231 2719 371 2794 caseum
399 2714 676 2804 observabatur,
704 2735 811 2807 quem
835 2712 952 2788 forsan
975 2737 1047 2807 prae
1071 2717 1178 2790 omni
1206 2716 1283 2790 erbo

231 2819 389 2892 libenter
411 2827 565 2906 quaerat3
590 2811 687 2885 unde
711 2811 819 2884 etiam
845 2813 916 2885 hoc
940 2812 1102 2888 remedio
1127 2817 1283 2889 Ferreolo

230 2937 301 3012 pro
323 2909 493 3007 specifico
521 2910 573 2984 uti
609 2910 834 3004 inceperunt.
895 2911 983 2984 Hoc
1016 2911 1282 3005 phaenomenon

232 3013 328 3088 inter
349 3012 525 3106 Europaeos
551 3009 754 3102 australiores
777 3029 874 3080 nunc
899 3009 1074 3101 temporis
1098 3032 1187 3082 raro
1216 3009 1282 3102 qui-¹

232 3113 313 3185 dem
332 3108 495 3196 auditur,
522 3129 565 3178 ea
580 3117 731 3200 propter
746 3117 866 3178 tamen
883 3127 1020 3180 novum
1041 3107 1227 3201 quoddam
1245 3125 1281 3186 nt

232 3209 440 3295 censeatur3
472 3203 567 3277 Nam
596 3201 719 3296 priscis
747 3203 972 3298 temporibus
1003 3205 1042 3279 in
1073 3205 1281 3280 australibus

232 3307 390 3399 Europae
422 3301 625 3398 provinciis
649 3301 796 3374 minime
825 3324 942 3375 rarum
968 3302 1048 3376 suit.
1101 3301 1170 3377 Cui
1196 3303 1280 3385 veri«¹

232 3405 298 3476 tati
316 3401 459 3476 PETR.
475 3397 781 3489 NAALDYCK,
807 3401 958 3474 natione
969 3403 1092 3496 Belga,
1117 3401 1279 3484 Medicus

216 3499 593 3593 *Gothcnburgensrm
633 3497 693 3589 qui
724 3497 836 3569 Anno
874 3519 979 3590 1531.
1008 3489 1279 3595 (forte1631.]

233 3603 332 3672 libros
350 3599 605 3692 Philippicorum
630 3599 666 3666 dc
683 3601 791 3688 equis,
817 3595 1197 3688 Lugduni-Batavorum
1217 3595 1278 3669 cdi«

233 3697 309 3787 dit,
348 3693 557 3776 assentitur;
602 3693 714 3764 verba
745 3693 821 3784 eJus
851 3715 887 3788 p,
908 3715 968 3783 42.
1003 3692 1054 3766 ita
1091 3677 1278 3768 habenturl

236 3797 389 3869 Omnium
411 3790 681 3887 perniciosissimus
701 3790 743 3884 est
761 3796 903 3877 vermis,
926 3815 1015 3886 quem
1035 3795 1167 3884 cyclon
1182 3793 1277 3897 Belgq

235 3894 294 3988 (de
316 3883 457 3978 Viam)
472 3903 677 3984 naracupant,
706 3894 761 3984 qui
782 3893 879 3962 onius
898 3893 980 3964 bora
994 3896 1154 3986 perimam
1163 3890 1276 3990 [ματίῃ
