2578 4770
384 243 1072 392 ‘radamantus

671 498 846 580 XXXVI.

228 539 762 864 MATERIA
832 663 1201 854 MEDIC

239 1223 247 1244 x
312 1071 685 1208 naono
738 940 1202 1208 {apruno

574 1304 943 1382 PRAESIDE

283 1501 288 1510 ·
356 1451 440 1583 Ι).
509 1451 592 1582 D.
658 1451 819 1581 CAR.
880 1451 1158 1580 Luunuo

471 1685 560 1739 ano
594 1677 762 1738 onnnu
794 1687 1047 1742 DocTORls

672 1802 859 1894 propofita

752 1935 774 1978 A

290 2017 690 2124 Jounnna
786 2027 1241 2110 ninnuua‘r

696 2143 831 2212 uenero.

498 2263 640 2396 Upsalip
674 2290 779 2363 1752.
857 2261 949 2366 Maii
979 2289 1035 2362 18.

235 2711 388 3000 Ut
405 2787 603 2864 innumeris
626 2792 703 2866 fere
718 2794 940 2886 Morborum
955 2809 1122 2890 crucibus
1144 2811 1282 2908 subjeci

401 2885 586 2998 nominem
614 2888 783 2979 Natum
823 2897 873 2970 ita
901 2901 1116 2980 liberalitate
1151 2934 1289 3006 quoqu

365 3062 369 3072 J
402 2983 528 3077 rnfignr
557 2986 837 3066 Medicamentis
871 3001 1048 3090 providit,
1066 3011 1281 3100 perplurimi

235 3081 423 3157 extribus
456 3079 525 3154 suis
556 3087 675 3178 regnis
705 3087 927 3186 depromus,
965 3100 1117 3195 ususque
1152 3109 1283 3182 nostro

235 3183 287 3255 ita
317 3179 545 3271 sublevavit,
581 3197 623 3254 ut
649 3186 860 3263 morborum
891 3193 942 3266 sat
970 3201 1128 3274 validum
1161 3211 1286 3280 exerti

235 3293 314 3352 tum
338 3277 533 3388 profligare
558 3281 741 3356 valeamus
772 3307 909 3382 opera,
943 3308 984 3367 ut
1010 3313 1184 3392 oportet,
1226 3305 1286 3380 dili

143 3407 146 3415 ν
238 3376 442 3486 gentiaque
467 3391 537 3448 nte
571 3378 742 3454 adhibita.
810 3385 936 3480 Itaque
962 3394 1119 3470 Medicis
1152 3424 1284 3496 campu

236 3475 366 3584 horum
397 3484 506 3544 tnum
532 3497 727 3570 regnorum
758 3482 830 3572 jam
860 3488 922 3560 diu
948 3494 1090 3584 patuit,
1125 3501 1288 3594 cujusqu

238 3584 347 3642 etiam
371 3573 594 3664 peramplum
616 3573 766 3667 spatium
793 3587 943 3676 emensi,
969 3591 1122 3680 plurima
1148 3597 1284 3672 Natun

236 3690 386 3741 munera
414 3667 510 3758 justo
534 3670 729 3764 estimare,
760 3681 1073 3780 pretiosissimaque
1094 3692 1131 3766 in
1155 3698 1284 3771 nostro

236 3765 318 3846 arius
336 3781 419 3858 apte
443 3785 663 3846 convertere
679 3771 894 3851 didicerunt.
947 3784 1070 3878 Atque
1089 3791 1162 3863 hoc
1189 3815 1286 3891 nego

104 3892 107 3902 ·
238 3865 294 3937 tio
323 3861 511 3936 defuritus
531 3861 633 3944 Nob.
653 3867 739 3944 Dzn.
760 3871 978 3973 PRAESES,
1006 3885 1200 3964 Materiam
1225 3896 1287 3966 Me

1208 3993 1266 4064 dia
1275 4022 1289 4057 a
