2572 4756
154 202 509 350 meramnum
537 255 838 336 nornnrers.
951 269 1019 353 aar

15 461 48 510 er
69 459 158 510 mare
187 439 228 512 in
255 437 435 514 Brafiliam
466 435 672 533 trajiciens,
707 461 825 514 novas
854 433 1023 534 regiones

15 537 89 608 lore
113 535 315 628 acquifivit.
364 555 588 609 BARRELOER
616 537 650 610 δι
676 559 822 626 nocco,
847 534 920 608 duo
943 555 1021 605 mo·

15 632 101 722 achi,
129 632 191 718 sub
212 633 405 708 itineribus
421 631 488 706 suis
510 633 548 706 iu
566 631 889 730 Etuopa'Australi
911 629 1022 726 pluri·

15 751 50 800 as
71 731 207 822 plantas
222 730 482 824 pulcherrimas
499 731 678 824 legebant.
729 755 844 828 nnJus
861 749 1022 822 quoque,

15 827 207 922 beologus,
253 829 292 902 in
318 827 483 902 Studium
511 829 727 906 Botanicum
757 828 850 924 apud
878 827 1023 922 Anglos

15 923 97 996 miter
119 925 192 1016 jam
217 925 307 1000 ferri
333 925 542 1020 incipiebat.

69 1019 138 1114 lpsa
163 1046 261 1096 vero
289 1021 459 1116 scicntia,
499 1023 605 1117 plene
634 1021 748 1100 adhuc
775 1045 853 1098 non
879 1022 1020 1112 floruit,

17 1131 158 1210 nuquam
179 1143 431 1214 uonrsonus,
459 1121 611 1214 Scotus,
643 1121 681 1195 in
702 1122 871 1219 Anglinm
890 1119 1020 1212 redux,

15 1225 81 1286 rtem
114 1217 151 1290 in
185 1219 344 1292 formam
375 1217 569 1313 disciplina
608 1217 770 1312 redigere
808 1217 1020 1312 incipiebat,

15 1331 51 1380 uo
66 1313 151 1387 sano
170 1315 378 1411 Anglorum
395 1317 538 1412 plurimi
555 1317 593 1390 in
612 1319 795 1414 amplexus
809 1315 837 1390 F
839 1319 926 1390 lorae
946 1327 1020 1388 tur·

15 1409 93 1482 ratim
123 1415 304 1506 ruebant,
343 1437 496 1507 quornm
527 1411 673 1487 infinito
702 1413 820 1490 studio
849 1433 1019 1488 numerus

15 1505 166 1582 lentarum
179 1511 289 1584 brevi
306 1509 418 1606 duplo
432 1511 569 1586 autlior
579 1513 700 1588 evasit.
750 1512 918 1587 Euenim
930 1526 1020 1586 tem·

15 1623 65 1674 ore
86 1605 177 1682 inter
207 1629 366 1682 anctos
395 1609 557 1704 inprimis
587 1629 836 1704 mormanus,
875 1627 1019 1685 anurn-

15 1717 138 1796 nmus,
171 1726 353 1800 stonum,
382 1729 525 1802 nepus,
559 1727 787 1800 sosarnus,
820 1727 1017 1798 suaniam,
1080 1707 1090 1717 '

17 1816 159 1894 mrum,
194 1825 386 1894 manner,
419 1823 1017 1898 r,uru1us,noonr,vnnuoru,

15 1911 248 1998 Lrermrenson,
277 1923 485 1993 nunnrer,
518 1925 572 1974 uu
598 1923 684 1978 sors
709 1903 821 1977 unitis
843 1901 938 1996 quasi
961 1899 1018 1974 vi·

15 1989 69 2063 ‘bus
87 2018 159 2070 rem
174 1997 320 2094 aggressi
339 1998 440 2092 sunt,
463 2021 661 2092 eorumque
681 1999 902 2096 diligentiam
922 2011 1020 2074 utra·

15 2107 47 2158 ue
70 2113 108 2166 cr
134 2111 212 2169 crta
243 2095 294 2170 est
316 2095 430 2172 India.
480 2117 632 2170 suosne
660 2095 875 2192 Jamaicam,
902 2117 1019 2170 anur-

15 2117 270 2290 FER‚‘}enes&
292 2197 393 2288 Krieg
410 2193 613 2290 Virginiam
635 2193 776 2282 adiere;
810 2191 1020 2269 Cornelius&

15 2283 186 2388 blangiani
209 2291 367 2365 rariores
387 2314 433 2365 ex
451 2290 554 2368 India
574 2291 765 2384 orientali,
791 2291 941 2384 aliisque
964 2291 1019 2364 lo·

15 2397 51 2468 ¹⁵,
72 2387 341 2466 transmiserunt
364 2391 516 2483 plantas.
575 2389 660 2462 Hoc
684 2409 829 2482 quoque
855 2385 1020 2480 tbmpore

15 2471 167 2588 lantamm
191 2507 317 2560 amore
338 2485 530 2560 finitimum
548 2507 731 2560 aeterum
750 2485 800 2560 est
816 2483 1018 2558 incensum:

15 2581 102 2650 terum
118 2605 194 2658 non
215 2583 328 2658 solum
345 2583 498 2677 enrditi,
521 2583 576 2658 uti
595 2604 719 2678 sunu,
743 2603 938 2658 munerun
948 2581 1016 2658 bec.

15 2667 41 2738 >d
59 2675 155 2754 etiam
175 2681 405 2776 optimates,
429 2695 471 2755 ut
490 2684 700 2776 Benarning,'
719 2683 839 2775 Fagel,
863 2683 1018 2773 unaing,

15 2765 161 2866 launna,
184 2787 424 2872 commeatu,
447 2779 566 2853 herbis
582 2777 651 2854 sese
665 2777 909 2872 oblestantes,
934 2775 1019 2852 hor·

15 2880 41 2932 ts
68 2873 237 2950 rariffinris
269 2877 402 2971 plantis
434 2878 589 2994 refertps
618 2876 873 2953 instruxerunt.
939 2875 1020 2970 Jam

15 2979 113 3056 loque
136 2993 361 3064 nnarnrus,
386 2973 562 3048 Dantisco
592 2975 630 3048 in
653 2975 816 3070 Belgium
841 2971 1020 3068 saepiffime

15 3057 171 3162 polemus,
196 3093 279 3144 cum
304 3071 496 3144 Hollandis
523 3071 705 3162 certabat,
739 3069 783 3143 de
805 3071 894 3149 raris
920 3071 1021 3164 plan·

15 3173 31 3222 fs
52 3157 252 3260 detegendis
274 3167 309 3240 δι
331 3167 557 3242 illustrandis.
608 3168 692 3242 Huc
717 3169 805 3242 item
831 3185 1020 3242 neumau-
1093 3237 1098 3244 .

15 3267 83 3327 use
99 3259 294 3340 Germania
316 3266 511 3358 veniebat,
537 3279 578 3339 ut
592 3265 743 3339 civitate
758 3264 936 3340 Botanica
954 3263 1020 3336 do-

16 3365 135 3452 eretur,
163 3363 225 3456 qui
249 3385 394 3456 quoque
419 3364 464 3438 ad
487 3385 587 3438 nova
603 3363 815 3458 occupanda
835 3383 945 3457 regna
962 3357 1021 3434 In·

17 3463 48 3514 1ae
75 3451 294 3563 lelegatus,
311 3462 439 3536 floram
472 3461 638 3558 Capensnn
654 3459 699 3550 ‚u
724 3461 927 3556 Zeylanicam
958 3457 1021 3532 sub

15 3557 158 3632 Illenum
177 3557 206 3630 F
208 3560 295 3632 lorae
322 3557 481 3654 redegit3
507 3580 669 3632 numana
687 3571 805 3631 totum
825 3558 1023 3632 Malelnrice

15 3655 141 3742 egnum,
164 3675 233 3728 nec
246 3658 362 3731 multo
381 3655 464 3752 post
481 3679 676 3732 numerius
693 3655 907 3740 Aminiam,-
929 3655 1022 3727 adeo

15 3743 164 3842 tanceps
191 3751 366 3846 haeream,
396 3767 516 3828 utrum
544 3753 809 3828 Hollandorum
834 3749 1023 3840 industria,

15 3831 44 3902 el
62 3837 255 3942 Anglorum
273 3851 316 3926 fit
335 3851 568 3948 praeferenda.
619 3851 718 3926 Hinc
740 3873 832 3926 vero
850 3865 1021 3930 numerus

15 3928 146 4022 ariorum
172 3949 375 4045 plantarum
402 3945 565 4032 infmitus
589 3948 666 4028 iere
693 3949 814 4044 evafit,
877 3944 1022 4118 luttergl

948 4061 967 4113 e
1005 4079 1019 4100 ι
