2654 4762
284 271 602 354 msmucno
633 267 806 350 mussi.
1001 294 1073 373 449

112 572 239 668 Itaque
265 594 343 648 non
369 571 507 667 possum
533 593 611 646 non
636 569 726 644 meis
752 566 897 642 suadere
921 569 1070 646 commi-

20 673 214 764 litonibus,
241 671 302 764 qui
326 669 553 744 dulcedinem
570 665 802 742 amoenilirmae
819 665 988 740 Scientiae
1007 689 1070 765 gu·

15 769 173 860 starum,
211 781 318 862 atque
350 767 545 865 utilitatem
570 764 849 860 perspexerunt,
884 775 926 838 ut
952 764 992 840 in
1013 768 1071 860 ju·

14 879 169 942 ventute
187 879 400 962 comparent
421 887 538 938 rerum
564 863 780 937 naturalium
802 859 968 956 copiam,
994 886 1070 956 quo

14 967 52 1040 r'n
79 965 268 1038 maturiori
294 979 404 1036 aetate
423 961 457 1035 δι
476 961 603 1035 Patriae
628 961 668 1034 in
691 959 763 1032 hoc
786 957 985 1033 studiorum
1009 983 1069 1056 ge-

12 1087 126 1154 nere,
153 1061 424 1155 &Reipublicae
446 1061 594 1154 prosint
644 1055 810 1130 Museum
832 1079 910 1132 non
931 1055 1081 1144 difficils

11 1161 102 1233 lime
126 1159 251 1232 instrui
273 1159 413 1248 fateor,
448 1157 595 1232 interim
620 1168 741 1230 tamen
770 1155 864 1246 hoc,
896 1154 1073 1248 quidquid

12 1256 63 1330 est
90 1256 254 1350 negotii,
290 1256 490 1349 peculiares
520 1255 714 1330 nonnullas
739 1251 892 1344 requirit
916 1255 1068 1350 regulas.

12 1355 167 1448 Optime
196 1353 339 1447 quidem
367 1353 482 1443 novi,
515 1351 784 1426 commilitones
810 1371 912 1423 meos
938 1349 977 1424 in
1001 1349 1072 1425 hac

11 1475 53 1526 re
83 1453 200 1525 multo
238 1449 306 1524 elle
337 1449 666 1537 exorcitatiffimos3
704 1446 763 1520 sed
793 1445 928 1520 multos
960 1448 1095 1541 etiarm

11 1551 128 1640 novi,
161 1563 263 1622 extra
292 1547 548 1622 Academicam
587 1546 797 1620 societatem
833 1541 1072 1640 constitutos,

13 1649 73 1740 qui
91 1670 149 1720 res
167 1648 347 1720 naturales
371 1645 586 1740 colligerent
608 1641 855 1732 libentillrme,
879 1641 903 1714 fi
928 1645 1071 1717 metho-

12 1745 98 1818 dum
127 1743 323 1838 colligendi
350 1741 563 1838 perspettam
595 1741 781 1816 haberent.
833 1739 901 1812 His
929 1752 970 1814 ut
992 1739 1069 1814 sub·

13 1843 181 1934 veniam,
206 1839 423 1914 brevillrmas
448 1841 508 1912 hic
526 1839 607 1914 srsto
631 1837 791 2008 reffulas,
817 1857 904 1930 quas
928 1835 967 1910 in
992 1839 1070 1912 col·
1098 1840 1124 1905 “.

8 1939 167 2034 ligendis
188 1941 295 2012 rebus
320 1937 540 2010 naturalibus
563 1938 599 2008 δι
619 1935 663 2007 lis
689 1955 746 2007 em
771 1933 992 2028 reponendis
1016 1933 1068 2010 se-

8 2051 189 2130 quantur:
216 2038 278 2111 has
302 2035 450 2108 utboni
474 2033 658 2126 consulas,
684 2031 725 2105 B.
743 2029 785 2106 L.
812 2029 916 2126 spero
935 2053 993 2107 me
1015 2033 1067 2108 fa·

4 2136 82 2210 cile
108 2158 130 2208 a
152 2133 209 2207 Te
234 2133 517 2230 impetraturum.

478 2279 512 2368 ᾗ.
560 2275 611 2351 V.

112 2387 387 2484 Conquiruntur
416 2405 540 2466 atatem·
573 2415 630 2466 res
665 2393 846 2466 naturales
876 2393 938 2466 vel
957 2393 1065 2487 ¹viva

33 2491 71 2563 el
96 2501 272 2576 mortua3
298 2510 445 2580 quarum
475 2489 552 2564 illas
577 2489 720 2584 quidem
745 2489 800 2563 his
820 2489 986 2584 praestare
1011 2491 1064 2564 fa·

18 2611 118 2675 eor,
156 2607 236 2658 cum
261 2585 503 2660 dilucidisslme
529 2585 683 2682 ipsarum
713 2587 893 2660 mores&
918 2587 1065 2686 ingenia
1103 2599 1121 2648 ⁸

7 2683 206 2756 bservare
229 2683 364 2770 liceat3
395 2681 533 2757 Verum
552 2686 649 2760 enim
674 2707 765 2760 vero
786 2706 869 2758 cunr
887 2707 965 2760 non
988 2685 1064 2762 cui-

31 2783 68 2854 is
104 2779 267 2876 suppetat
299 2780 449 2854 facultas
483 2805 542 2856 eas
572 2782 824 2876 comparandi,
861 2781 1064 2860 breviilime

21 2891 155 2954 ntum
182 2877 259 2950 illas
284 2877 571 2974 perstringemus.
620 2881 712 2954 Sunt
734 2895 855 2954 autem

112 2965 157 3065 1)
186 2977 344 3062 Woorla,
369 2976 498 3066 quibus
516 2977 758 3081 Quadrupeda
776 2979 897 3071 varia,
921 2991 964 3051 ut
976 2977 1064 3054 Cer·

27 3075 65 3166 i,
106 3071 352 3164 Elephantes,
394 3073 684 3165 Rhinocerotes,
726 3071 889 3166 Cameli,
928 3073 1063 3169 sinric,

0 3182 7 3241 t
33 3169 202 3268 igrides,
223 3168 368 3243 Leones
383 3167 448 3242 dcc.
473 3172 718 3246 continentur.
766 3171 910 3246 Horum
931 3172 1001 3246 alia
1021 3173 1063 3245 li-

0 3291 94 3344 ere
125 3267 249 3362 vagari
274 3283 431 3360 queunt,
457 3271 525 3342 alia
546 3267 742 3342 vincienda
768 3265 868 3359 sunt,
905 3292 952 3343 ne
973 3267 1064 3346 saltu

11 3365 220 3462 ufugiant,
244 3365 314 3438 alia
331 3367 453 3446 caveis
472 3366 707 3458 includenda,
731 3379 772 3440 ut
786 3365 816 3439 F
818 3388 908 3458 erae,
930 3389 976 3440 ne
996 3391 1062 3462 per

1 3463 187 3541 erociam
213 3477 383 3537 noceant.
433 3463 623 3557 Ejusmodi
647 3473 767 3538 autem
788 3463 1061 3562 vinariarum,

0 3563 65 3636 ist
90 3558 189 3652 apud
209 3559 415 3653 Principes,
445 3558 570 3636 videre
593 3563 702 3654 licet,
728 3583 810 3636 cum
830 3561 930 3656 sepes
955 3565 1060 3637 altio-

29 3683 84 3752 ε’,
116 3653 231 3750 spatia
254 3657 452 3752 ampliora,
476 3659 670 3734 ministeria
692 3657 841 3750 affidua,
865 3671 972 3752 atque
998 3661 1061 3734 im·

1 3755 137 3834 ¹ensas
158 3753 342 3847 requirant
359 3756 484 3854 largas.
536 3755 710 3832 lnGallla
727 3779 818 3832 vero
836 3779 951 3852 prope
968 3759 1061 3832 Ver·

0 3857 133 3932 lium
157 3851 425 3944 splendidillrma
447 3855 602 3929 Vivaria
628 3853 753 3952 regia,
782 3867 824 3928 ut
848 3855 987 3946 reliqua
1008 3867 1060 3926 ta

6 3973 133 4040 ·arn‚
162 3947 356 4043 conspicua
376 3949 466 4027 sunt.

42 4049 156 4129 Tem.
176 4047 249 4122 III.
593 4047 656 4126 Ff
929 4037 973 4140 s)
998 4047 1065 4122 Or·
