2536 4754
262 241 334 328 334
455 226 730 308 MIRACULA
760 225 1110 310 INSECTORUM.

261 405 485 500 accendunt,
524 431 602 503 quae
635 410 735 505 prins
765 433 843 485 non
874 411 1005 504 cessat,
1045 435 1140 508 quam
1163 409 1252 486 scabie

260 505 468 580 effloruerit.
518 507 630 582 Multi
654 508 806 582 scabiem
827 509 956 584 srccam
975 511 1011 582 dc
1030 511 1170 604 asperam
1185 511 1254 602 depu-

259 605 407 695 lerunt,
447 603 532 678 dein
562 606 691 680 dolore
718 607 944 680 rheumatico
974 608 1146 720 &·sebri‚
1179 606 1255 680 docet

167 787 169 792 ¹
259 700 394 776 scabies
417 701 478 776 illa
495 701 616 775 denuo
630 702 705 775 visa
718 702 849 794 fuerit,
877 705 1047 798 occupati
1071 703 1171 778 suere.
1195 703 1255 774 iser·

259 797 475 891 curialibus,
501 799 713 894 sulphuratis
734 799 941 896 frigoreque
965 801 1101 874 scabies
1116 801 1180 874 buc
1195 801 1254 877 ius

260 911 341 986 tur,
372 897 480 970 rebus
505 910 625 970 autem
656 897 879 972 dulcioribus
907 898 1169 994 multiplicetis.
1206 897 1254 968 Huc

260 993 463 1068 douiffimis
483 993 615 1068 nostris
640 994 799 1068 Medicis
818 995 935 1070 ansam
961 994 1185 1092 investigandi
1204 1017 1252 1086 pre·

259 1091 362 1182 buit,
390 1113 523 1166 numne
549 1091 659 1165 variae
677 1091 712 1164 δι
732 1094 912 1187 pleraeque
938 1092 1058 1166 febres
1082 1091 1253 1188 contagiose,

260 1189 580 1281 exanthematicae,
605 1187 735 1284 pestis,
759 1190 910 1262 varioiae
936 1187 1135 1284 &syphiiis
1157 1189 1253 1262 absu-

259 1287 309 1361 ris
327 1286 537 1380 quibusdam
555 1298 675 1360 ortum
696 1285 850 1378 ducant,
873 1287 935 1380 qui
959 1288 1050 1362 sicut
1070 1285 1190 1362 scabies
1202 1307 1251 1356 cm

258 1384 439 1460 terminant
460 1383 559 1458 &ob
576 1384 687 1480 frigus
708 1383 970 1459 retrocedunt?
1017 1385 1126 1460 Hanc
1148 1381 1248 1458 oberd-

261 1483 330 1558 sam
361 1475 399 1555 in
429 1479 528 1576 peste
557 1481 591 1554 dt
618 1481 823 1576 syphilitide
851 1481 1107 1572 Mercurium,
1134 1481 1251 1570 &ruer

261 1579 305 1654 ad
331 1579 490 1652 variolas
517 1579 771 1674 praecavendas
798 1578 1031 1674 sulphurata,
1065 1579 1251 1662 Meranda,

259 1677 448 1770 Amorem,
468 1675 673 1765 Moschum,
690 1675 956 1770 Zibethumque
964 1676 1106 1750 Medici
1122 1675 1208 1750 nostri
1216 1671 1251 1742 d·

257 1775 463 1851 hibuerunt.
516 1771 619 1846 Oves
646 1773 763 1846 scabie
793 1774 957 1870 febrique
981 1773 1130 1848 afflistas
1154 1771 1254 1847 zoe-2

260 1869 474 1946 &Moscho
502 1870 644 1962 sanare,
676 1869 878 1964 pastoribus
902 1873 1028 1944 ovium
1053 1873 1100 1944 ab
1124 1865 1255 1960 antiquiss

259 1969 327 2043 mis
348 1969 573 2062 temporibus
600 1989 680 2042 mos
706 1967 797 2060 fuit,
822 1969 856 2042 u
879 1970 957 2064 pari
983 1967 1140 2044 successu
1164 1963 1254 2040 instri-

258 2068 326 2142 bus
358 2065 523 2142 scabiofis
556 2066 680 2140 eadem
711 2065 822 2140 hodie
857 2065 1107 2162 propinamus.
1171 2063 1229 2138 Hoc
1243 2057 1257 2130 i

258 2164 339 2240 rudi
367 2166 507 2260 populo
531 2163 732 2257 diceretur,
750 2155 828 2258 'qui
857 2165 956 2238 nulla
980 2165 1188 2278 cognitione
1207 2157 1254 2269 ir}

259 2264 400 2338 ssorum
420 2262 572 2359 gaudet,
596 2261 727 2336 insecta
742 2261 792 2335 ita
809 2261 1041 2356 multiplicari
1054 2263 1092 2338 dt
1105 2263 1255 2338 taicum

259 2359 354 2436 sium
380 2361 562 2458 praebere,
591 2360 755 2438 crederet
780 2381 1017 2454 nequequam.

356 2549 450 2630 Dies
464 2555 565 2651 prius
586 2553 780 2649 deficeret,
805 2575 911 2650 quam
934 2555 1122 2649 exempla,
1143 2554 1165 2630 sr
1186 2547 1256 2716 cufi]

259 2651 475 2728 infestorum
499 2652 772 2748 pervestigans,
802 2653 925 2727 omnia
951 2672 1077 2726 eorum
1102 2649 1238 2728 miracu

190 2781 197 2790 ·
258 2749 517 2842 describerem,
546 2751 644 2844 quod
659 2772 729 2825 nec
747 2751 885 2847 exigue
903 2749 1012 2830 animi
1029 2751 1102 2824 mei
1125 2751 1212 2824 dotes
1226 2761 1255 2810 u

258 2852 397 2941 serent,
430 2870 498 2923 nec
521 2848 668 2944 pagellae
693 2849 747 2922 hae
775 2847 984 2923 sufficerent
1034 2847 1160 2944 Itaque
1182 2847 1249 2918 tim·¹

229 2951 233 2958 '
258 2947 360 3022 nium
377 2947 448 3022 hoc
471 2965 539 3042 pro
553 2944 693 3019 viribus
710 2943 934 3041 absolutum,
955 2945 1118 3050 benigno
1135 2959 1193 3020 tuo
1205 2871 1255 3036 judi

261 3045 323 3121 cio
346 3043 390 3122 L.
417 3045 458 3122 B.
484 3041 668 3120 submitto.
764 3059 766 3073 ·
