2568 4764
240 224 322 302 '280
371 199 591 293 HOSPITA
618 211 961 298 INSECTORUM
989 208 1156 300 utoni.
1272 223 1273 304 ζ

250 415 329 490 quae
352 397 457 470 allata
481 395 582 491 sunt,
611 399 735 495 colligi
758 400 930 474 facillime
954 401 1091 496 potest,
1126 407 1130 414 ’
1156 403 1248 478 inione
1274 411 1275 450 ³

248 495 360 590 longe
388 495 563 588 maiorem
595 494 813 571 infestorum
844 499 881 570 in
913 499 986 572 hoc
1016 501 1104 576 univ
1122 499 1170 574 rso
1197 501 1248 574 ain

247 590 319 664 esse
344 605 451 686 atque
483 593 722 668 efficientiam.
774 594 984 668 Graviibma
1012 595 1099 691 saepe
1118 597 1275 670 Oecono-¹

246 689 320 763 mia
343 689 464 763 nostra
486 692 622 786 patitur
645 691 794 782 damna,
821 691 911 765 &id
932 694 1075 786 quidem
1094 695 1247 784 merit0,i

245 788 423 880 apoenis,
447 789 635 883 Justiffimo
652 787 848 884 impietatis
863 791 1015 866 Vindici
1029 791 1149 882 DEO,
1169 791 1247 880 datia
1274 828 1275 834 κ

244 881 305 958 sed
331 885 459 958 damna
477 886 585 959 etiam
603 888 789 960 multoties
815 889 901 962 alias
922 891 1058 982 patitur
1082 911 1142 985 per
1157 911 1247 962 vecor-

244 981 341 1056 diam
359 981 516 1056 nostram
533 1006 573 1056 ac
591 982 795 1079 segnitiem,
823 984 903 1058 dum
923 987 1059 1061 scilicet
1073 986 1248 1080 opeaaCon·

242 1077 376 1153 ditaris
393 1081 631 1175 contemplari
655 1083 868 1178 negligimus
887 1085 920 1156 δι
936 1083 1185 1178 sapientissimas
1199 1086 1248 1176 eju
1274 1123 1275 1130 κ

243 1175 493 1252 institutiones
522 1179 666 1272 rimari,
696 1194 738 1252 ut
760 1181 794 1252 &
818 1179 1054 1274 detrimenta,
1081 1205 1153 1274 quae
1175 1183 1249 1254 inter·

243 1273 331 1348 dum
355 1297 401 1348 ex
426 1277 648 1370 regularum,
680 1275 877 1370 systematis
903 1279 1072 1353 mundani
1104 1277 1247 1374 perfodio
1274 1353 1275 1359 ,

243 1393 310 1446 nes
330 1372 615 1465 intendentium,
642 1375 828 1448 collisione
854 1376 1148 1470 proficiscuntur,
1169 1373 1246 1468 qltutd
1274 1391 1275 1476 j

243 1469 469 1582 poterimus,
495 1492 744 1546 averruncare.
805 1474 916 1575 Quod
944 1473 969 1548 sa
999 1475 1095 1548 enim
1125 1473 1249 1548 bonulus

243 1567 494 1662 impubesuel
515 1568 665 1663 ignavus
691 1590 711 1641 a
731 1569 908 1661 pediculis
959 1571 1088 1662 eriret,
1116 1573 1152 1645 in
1175 1569 1250 1664 ipim

242 1665 371 1758 utique
399 1664 565 1738 interitus
593 1664 644 1738 sui
670 1667 775 1760 culpa
805 1593 1004 1742 redundare
1031 1667 1194 1742 censenda
1209 1663 1250 1754 ei,
1274 1687 1275 1690 ’

242 1761 307 1930 gui
333 1761 377 1833 ab
411 1763 586 1854 eJ'usmodi
617 1761 651 1836 sc
681 1762 844 1838 sordibus
873 1771 1033 1861 purgare
1056 1788 1131 1840 non
1162 1763 1252 1840 studet

273 1858 428 1932 eculiare
445 1860 565 1952 itaque
582 1861 733 1933 cuilibet
746 1861 883 1935 Infesto
902 1862 1164 1956 pernoscamus,
1179 1883 1254 1958 opu

244 1967 318 2050 tet,
343 1957 368 2032 fi
393 1955 478 2053 quid
501 1957 538 2032 in
560 1957 616 2034 his
643 1958 776 2058 egregii
803 1960 967 2057 praestare
994 1962 1167 2056 cupimus.

343 2285 655 2388 Quemadmodum
672 2287 715 2361 ad
735 2297 855 2369 certos
872 2287 963 2362 fines
979 2289 1119 2383 reliqua
1137 2283 1256 2360 animan·
1274 2319 1275 2378 1

243 2385 317 2479 tia,
340 2387 387 2462 sac
410 2386 518 2480 etiam
544 2380 678 2460 Inseua
698 2385 872 2468 destinata
893 2385 994 2479 sunt,
1019 2386 1215 2480 sicquidem,
1232 2391 1275 2480 utl

241 2481 481 2579 'aequilibrium
513 2482 607 2575 quasa
631 2481 808 2576 quoddam
832 2485 926 2558 inter
947 2505 1004 2557 res
1031 2484 1195 2580 plauimas
1215 2477 1257 2552 sn·

293 2593 345 2657 nt.
397 2579 620 2681 Quibusdam
646 2581 742 2655 enim
765 2581 819 2656 ha
842 2580 997 2676 plante,
1023 2581 1103 2655 aliis
1128 2579 1199 2654 alia
1220 2595 1254 2643 u·

241 2605 311 2752 {ti
331 2676 460 2751 sortito
485 2677 660 2751 cesserunt
684 2677 885 2752 habitanda
907 2677 1152 2754 &vescendae.
1199 2672 1275 2768 Sutl

242 2775 386 2869 smgulis
420 2773 630 2848 animahbus
664 2774 723 2848 sua
757 2775 932 2870 adsignata
966 2775 1124 2867 insecta,
1164 2771 1259 2866 quibu

243 2871 469 2946 domicilium
493 2868 677 2944 &vitum
698 2895 743 2944 ex
765 2883 900 2945 naturae
924 2874 1002 2968 lege
1023 2873 1167 2946 debent.
1197 2868 1259 2940 sun

241 2967 398 3060 Infesta,
432 2991 508 3064 quae
532 2990 609 3042 non
643 2969 707 3042 nisa
740 2969 893 3063 putridis
922 2967 1163 3057 delebantum
1195 2963 1260 3048 sut,

243 3089 321 3163 quae
342 3065 498 3142 caedibus
520 3067 556 3140 in
577 3065 714 3138 diversa
729 3089 861 3160 genera
877 3065 1048 3158 saeviunt,
1075 3070 1181 3142 immo
1196 3078 1261 3164 vcro

243 3188 344 3259 quae,
377 3188 458 3238 cum
486 3163 644 3256 ejusdem
673 3163 741 3236 smt
769 3163 933 3258 generis,
962 3165 1025 3239 fibi
1051 3180 1167 3242 tamen
1193 3163 1261 3234 inu·

242 3259 322 3336 ¹cem
346 3285 422 3335 non
441 3272 616 3354 parcunt,
644 3259 703 3334 sed
727 3259 919 3336 assiduis-se
943 3263 1047 3338 bellis
1073 3285 1115 3336 ac
1133 3257 1264 3338 cladibus

243 3358 416 3434 lacessunt
441 3355 708 3451 destruuntque.

341 3491 542 3586 Equidem,
571 3509 653 3564 cum
687 3488 782 3562 intra
812 3489 928 3564 arctos
960 3489 1068 3566 hosce
1100 3501 1264 3586 paucarum

214 3592 458 3688 'pagellarum
487 3589 667 3662 cancellos
694 3607 751 3658 me
776 3599 900 3660 tenere
926 3586 1096 3679 debeam,
1123 3575 1196 3694 [aab
1219 3581 1264 3652 ln·

239 3689 337 3765 bebo
362 3685 551 3774 indicasse,
577 3706 653 3778 gatae
670 3682 809 3796 Inseua
828 3685 1007 3795 §uesanos
1026 3686 1163 3760 nostras
1184 3699 1265 3788 anco·

238 3790 298 3960 {1³3¹
303 3788 508 3960 tiffimase't
523 3802 714 3964 efssfffifse
734 3783 914 3956 ἓῖἀέῗῖἒέἶ
923 3833 935 3874 ’
962 3778 1265 3958 Εὲἶϋῗὲἷέᾶξῖῐῗίἷ

264 3935 265 3938 ,
292 3910 305 3962 I
399 3933 412 3978 ’
907 3934 916 3956 ·
1243 3965 1248 3978 ⁸

1163 3973 1248 4070 uhu
1274 4061 1275 4130 ,
