2572 4756
86 291 89 312 ,
243 253 313 327 282
363 233 588 320 uosalurr
611 237 1168 319 INSECTORUM‘FLORA:

236 433 435 519 poterunt,
463 422 596 516 absque
618 441 692 515 quo
715 424 856 516 oleum,
881 422 979 516 quod
1000 424 1123 516 aiunt,
1146 423 1261 515 &ope-

239 542 316 594 rarn
341 519 542 612 perderent.

335 643 399 740 (c)
424 645 466 719 In
494 647 723 720 commodum
749 651 856 721 etiam
880 649 1142 722 Botanicorunr
1172 643 1260 717 cedet

237 743 484 836 Reminiscor,
511 743 596 838 quid
616 759 698 817 ante
722 746 815 818 haud
840 746 889 818 ita
916 749 1049 820 multos
1070 743 1197 818 abhinc
1220 763 1261 810 an·

237 867 307 923 nos
322 843 534 936 contigerit:
559 841 615 914 Ex
632 839 822 916 seminibus
836 867 856 916 e
870 845 1039 940 Virginia
1058 843 1173 915 allatis
1190 843 1262 932 plan·

236 956 282 1016 tae
302 952 569 1035 provenerant,
596 958 743 1032 quarum
765 963 858 1032 una,
883 965 964 1014 cunr
990 942 1101 1014 flores
1128 939 1260 1012 noadrn

237 1035 483 1134 explicuisset,
513 1036 671 1132 dignosci
693 1061 769 1112 non
792 1051 961 1132 poterat3
992 1037 1050 1119 sed
1076 1059 1157 1110 cunr
1179 1037 1260 1108 lana

242 1139 464 1216 Tenthredinis
489 1134 554 1207 Fn.
570 1155 652 1228 935.
680 1135 713 1208 &
739 1141 941 1210 Carra-rationis
969 1136 1035 1210 Fn.
1051 1143 1136 1228 460.
1167 1127 1260 1224 crepis

235 1237 313 1311 sent
334 1233 463 1308 rodere
484 1233 573 1304 folia
595 1234 693 1324 ejus,
723 1233 816 1306 haud
833 1233 950 1307 fallaci
974 1233 1126 1329 augurio
1151 1233 1260 1304 indica·

233 1331 422 1406 vitNob.
449 1330 497 1402 D.
524 1329 715 1404 PRAESES
743 1331 836 1404 hanc
863 1335 1097 1427 Strophusariae
1132 1328 1256 1423 speciem

231 1435 411 1517 futuram,
441 1428 475 1499 id
498 1427 595 1519 quod
616 1443 768 1501 eventus
794 1428 1046 1516 confirmavit3
1075 1427 1164 1501 Flos
1189 1423 1258 1496 enin

230 1549 424 1619 ertimpcns
444 1525 604 1617 prodidit
620 1528 878 1622 Sca-ophetarum
892 1531 1146 1600 nurilarrsicunr.
1181 1524 1260 1599 Hort-

231 1627 319 1723 urs·
339 1639 376 1720 r>-
392 1645 470 1716 177·
497 1645 575 1712 aa·
1009 1697 1011 1701 .

329 1755 398 1852 (d)
422 1759 599 1830 Poterant
617 1755 773 1845 Medici,
799 1755 835 1828 id
850 1757 946 1848 quod
965 1755 1059 1828 haud
1073 1755 1125 1828 ita
1144 1753 1265 1846 pridem

230 1853 401 1950 'opinatus
423 1854 473 1928 est
489 1853 797 1944 DERHAMUS,
824 1857 867 1926 ab
891 1853 1030 1928 insectis
1046 1853 1157 1926 Vires
1185 1851 1265 1944 pne

228 1969 346 2028 tarum
373 1950 590 2046 dijudicare,
616 1951 905 2044 quandoquidem
930 1950 1064 2024 Infesta
1080 1949 1267 2041 Phytivora

228 2065 272 2124 ut
299 2051 492 2146 plurimum
517 2073 576 2121 eas
608 2048 768 2144 eligunt,
805 2071 882 2142 quae
909 2047 1103 2122 earundem
1133 2047 1205 2120 sint
1228 2043 1266 2112 ri·

227 2151 332 2224 rium,
385 2147 444 2220 Sic
473 2147 591 2243 Caffida
616 2145 681 2218 Fn.
700 2168 781 2238 375.
836 2147 1029 2239 Lycopunr
1057 2145 1209 2220 sectatur
1237 2157 1267 2209 ac

226 2245 510 2333 Mentham3s1c
539 2243 669 2339 Popilio
695 2249 849 2317 caudatus
878 2244 943 2317 Fn.
959 2265 1043 2336 791.
1094 2239 1266 2314 Umbella·

225 2361 301 2437 tas,
336 2345 411 2437 quae
440 2343 501 2416 sibi
527 2342 686 2412 invicern
717 2341 871 2414 maxime
897 2340 1055 2430 adfines;
1094 2339 1157 2413 Sic
1184 2339 1267 2430 Papi·

225 2451 267 2518 lio
292 2442 429 2515 Aurora
453 2438 519 2512 Fn.
542 2449 623 2518 801.
674 2435 819 2530 Thiaspi
850 2437 1068 2533 campestre,
1097 2433 1267 2508 Cardami

223 2564 307 2616 nem
332 2533 532 2632 pratensem
555 2557 600 2608 ex
624 2533 959 2627 Tetradynarnistis.

323 2671 388 2766 (a)
419 2672 615 2748 Hortulani
647 2673 681 2745 δι
709 2673 873 2748 Olitores
907 2674 1044 2748 discent
1077 2698 1097 2747 a
1129 2673 1267 2768 plantis,

224 2795 373 2868 quarum
408 2773 582 2845 culturam
612 2769 826 2864 suscipiunt,
866 2795 988 2845 arcere
1019 2771 1160 2846 Infesta
1191 2771 1245 2844 inf
1260 2813 1269 2826 ·

221 2869 352 2946 stantia
373 2893 403 2940 e.
423 2891 474 2962 gr.
493 2868 647 2942 Radices
663 2867 847 2959 Lastucae,
873 2869 978 2943 Folia
996 2868 1181 2962 Brassrcae,
1204 2867 1269 2940 Tu·

221 2971 346 3043 riones
368 2965 560 3060 Asparagi,
587 2966 615 3038 F
618 2967 714 3037 sores
739 2966 773 3038 &
796 2966 945 3040 Frudtus
970 2968 1154 3040 arborum.

320 3093 383 3191 (f)
417 3095 669 3186 Oeconomis,
706 3098 765 3190 qui
794 3100 1036 3195 graminibus,
1074 3101 1276 3200 segetibus,

219 3197 280 3267 vel
299 3196 377 3267 aliis
401 3195 533 3288 plantis
557 3215 704 3285 operam
719 3195 933 3289 impendunt
947 3201 1133 3292 colendis,
1161 3203 1277 3296 appri-

218 3313 276 3365 me
298 3291 348 3366 est
370 3291 460 3365 scitu
477 3290 730 3381 necessarium,
757 3317 834 3385 quae
855 3294 990 3369 Inserta
1016 3297 1149 3390 plantae
1173 3301 1282 3373 cuili-

218 3389 283 3459 bet
305 3403 484 3463 noceant:
521 3411 552 3460 e.
569 3410 619 3482 gr.
645 3389 826 3464 radicibus
852 3393 1026 3486 Humuli,
1076 3399 1279 3471 erminibus

217 3481 450 3594 Nicotianae,
478 3483 669 3560 seminibus
685 3488 845 3580 Hordei,
870 3491 1033 3564 caulibus
1048 3417 1204 3590 genesis,
1232 3495 1283 3568 se·

216 3582 375 3656 minibus
396 3586 433 3659 in
459 3584 577 3678 Spicis
596 3581 788 3677 Triticeis,
817 3587 1057 3661 radicibus&
1081 3593 1282 3684 cotyledo-

215 3678 323 3752 nibus
344 3680 523 3777 Segetum.
567 3679 644 3768 Et,
669 3704 748 3754 cunr
768 3705 895 3758 omnes
914 3685 990 3758 sere
1002 3689 1135 3780 piantae
1153 3691 1284 3764 usrbus

215 3775 421 3854 domesticis
443 3777 662 3866 inserviant,
687 3780 772 3870 quid
787 3783 928 3877 ringulae
945 3784 1127 3875 patiantur
1138 3786 1261 3859 fove

215 3871 264 3947 do
284 3874 351 3950 hos
370 3877 519 3959 infestos
538 3875 718 3969 hospites,
745 3876 861 3954 sedula
886 3880 1056 3978 indagine
1074 3905 1165 3977 opus
1188 3886 1260 3958 est.

1058 3993 1125 4094 (a)
1147 3997 1260 4072 oec·
