2572 4756
210 247 281 324 324
405 214 680 298 MIRACULA
710 219 1064 304 INSECTORUM.

208 401 375 499 analogia
394 402 571 476 vermium
589 401 662 476 hoc
682 398 862 480 suadeant.
913 405 999 482 Hoc
1022 405 1253 502 quicquidfit,

206 502 358 580 ulterius
377 499 667 593 perscrutandum
682 502 1036 594 commendatoriis,
1061 505 1120 598 qui
1137 507 1253 600 cogni·

208 602 312 676 tione
340 596 552 671 insectorum
583 599 760 694 gaudent:
788 601 959 692 quoniam
977 600 1135 676 ‘historia
1155 601 1253 695 hujus

206 696 436 796 phaenomeni
467 697 580 770 multa
610 695 719 769 nobis
750 695 1018 789 manifestaret,
1054 698 1088 772 dc
1113 701 1253 772 morbus

207 795 344 874 accolis
382 793 549 866 Bothniae
586 793 889 887 Septentrionalis
925 796 1033 883 nimis
1068 797 1254 870 admodum

206 895 378 985 frequens
402 891 675 983 explanaretur,
701 912 806 982 quem
837 891 911 984 illi,
939 897 1089 986 donares
1121 895 1160 967 in
1186 917 1253 988 pet·

204 991 341 1068 niciem
363 987 493 1083 populi
522 987 800 1083 animaliumque
829 988 992 1086 emissos,
1024 991 1155 1086 sapius
1172 991 1253 1086 iudi·

205 1103 303 1167 cant.

302 1206 416 1278 Gallos
434 1201 473 1276 in
492 1199 592 1275 foliis
614 1201 780 1307 Quercus
803 1205 1063 1300 natas,‘refert
1081 1207 1255 1282 Calerudt

203 1303 290 1394 alii,
319 1302 356 1374 in
377 1299 411 1374 se
427 1311 490 1372 aut
502 1301 739 1375 vermiculum
755 1317 818 1378 aut
839 1326 1008 1380 araneum
1027 1317 1090 1380 aut
1105 1306 1249 1380 muscam

203 1400 419 1489 continere,
445 1397 479 1470 dt
503 1399 785 1493 unumquodque
813 1399 944 1477 horum
967 1426 1076 1478 omen
1099 1403 1175 1478 esse
1196 1403 1248 1477 fati

202 1495 438 1574 imminentis.
491 1491 528 1566 si
554 1498 679 1570 Vermis
702 1497 753 1570 ibi
777 1498 936 1591 habitat,
959 1501 1171 1596 praesagium
1195 1499 1253 1575 crit

203 1594 390 1672 charitatis
429 1611 609 1682 annonae3
652 1593 805 1670 Araricus
840 1599 990 1672 morbos
1023 1599 1255 1672 annunciabit

203 1689 459 1788 contagiosos;
485 1689 607 1786 Masta
621 1713 712 1764 vero
730 1693 884 1782 belltun3
909 1695 1008 1789 quod
1029 1695 1145 1770 hodie
1167 1695 1252 1792 plebi

201 1805 278 1866 tam
299 1790 448 1883 vulgare
474 1787 537 1877 s1t,
565 1801 607 1860 ut
627 1789 736 1862 etiam
755 1791 792 1864 in
814 1814 878 1866 ore
902 1781 1086 1868 infantum
1108 1793 1255 1868 seruam

202 1889 273 1962 Sed
301 1891 421 1981 Cynips
445 1885 507 1958 Fa.
517 1886 702 1981 fitec.947.
724 1909 805 1980 quae=
828 1903 898 1964 tam
919 1913 1054 1985 parva,
1079 1909 1170 1966 cum
1191 1913 1258 1966 ova

201 1985 262 2060 sua
282 1985 320 2058 in
340 1982 514 2056 inferiore
540 1983 651 2054 latere
674 1982 756 2056 folii
787 2009 939 2079 quercus
964 1988 1159 2083 adposuit,
1188 1992 1258 2086 glo·

200 2085 307 2158 bulus
333 2081 383 2152 ibi
414 2079 522 2154 instar
553 2079 660 2154 cerafi
688 2081 835 2175 crescit,
869 2085 971 2180 cujus
996 2099 1126 2160 centro
1156 2088 1260 2162 sonu

199 2181 350 2268 residet,
377 2178 437 2272 qui
460 2191 634 2252 autumno
647 2181 781 2253 vermis
800 2180 859 2256 seu
875 2183 998 2275 larva,
1021 2205 1110 2258 vere
1128 2205 1260 2282 appro-

198 2279 400 2374 pinquante
433 2276 475 2350 srt
507 2297 629 2369 puppa
660 2278 938 2373 araneisormis,
983 2281 1103 2355 donec
1140 2279 1259 2358 mense

198 2377 307 2468 Majo
325 2377 362 2449 in
379 2372 540 2448 Muscam
558 2371 907 2452 transsubstantiatus
923 2379 1171 2476 progreditur.
1205 2379 1260 2453 Sic

163 2497 166 2500 ·
197 2472 240 2548 N
243 2489 343 2548 atura
366 2471 465 2566 vulgi
489 2467 571 2544 lisia
589 2471 757 2569 presagia
780 2473 951 2569 destruit,
974 2490 1018 2551 ut
1038 2477 1124 2551 dum
1149 2479 1260 2554 scien·

198 2571 252 2646 tia
269 2573 367 2646 illius
390 2566 575 2660 florescat,
599 2569 678 2643 haec
701 2571 929 2648 marcescant

299 2709 424 2780 Catane
445 2705 597 2776 nodorum
610 2703 723 2778 Anno
746 2707 837 2806 169}
853 2708 1267 2820 inGermaniaeQuer·

199 2801 314 2876 cubus
333 2800 534 2896 pendentes
552 2799 867 2894 conspiciebantur
883 2807 1150 2902 copiosrllimae,
1175 2833 1266 2906 quas
1284 2883 1285 2888 Ν

197 2901 352 2996 vulgus,
392 2899 453 2991 qui
481 2918 541 2970 eas
576 2913 682 2972 antea
711 2922 789 2975 non
821 2903 1100 2997 observaverat,
1139 2909 1285 3000 nodos,

198 2999 360 3094 magicos
391 2993 459 3070 eise
495 2995 782 3090 imaginabatur,
831 3002 928 3076 unde
968 3004 1094 3100 ingens
1135 3029 1285 3106 rumor,

197 3097 271 3170 late
293 3098 474 3191 longeque
493 3091 771 3189 dispergebatur.
822 3099 871 3172 Hi
890 3115 1010 3174 autem
1029 3099 1120 3174 nodi
1145 3105 1195 3177 ab
1214 3105 1285 3180 ira-³

197 3193 300 3268 sectis
317 3205 431 3268 erant
460 3190 646 3284 producti,
673 3214 750 3284 qua
776 3194 814 3269 in
837 3198 915 3272 Aa.
936 3200 1022 3273 Nat.
1045 3201 1166 3298 cumeis.
1191 3201 1268 3276 De-

197 3317 267 3366 cur.
289 3293 361 3366 III.
392 3288 486 3362 Anni
499 3288 549 3360 II.
578 3286 676 3362 &in
703 3288 781 3364 Act.
808 3294 918 3390 Paris.
944 3301 1047 3392 1692.
1078 3313 1194 3392 p-JI.
1228 3313 1269 3374 ut

197 3387 234 3461 ἃ
250 3391 385 3464 Renum.
406 3387 497 3480 Hist.
526 3386 638 3479 Iasesl.
672 3387 843 3466 Tamasis.
886 3391 964 3468 Tab.
976 3417 1036 3486 40.
1065 3393 1267 3493 descripta,

197 3491 280 3565 sslnt
304 3483 440 3578 species
467 3486 613 3578 Cynipis.
722 3541 737 3556 ,,
911 3533 913 3540 ,

298 3603 490 3675 Pedicalum
518 3599 735 3692 pulsatorium
761 3602 889 3678 sunere
919 3604 1075 3680 ominari
1102 3609 1215 3682 multi
1248 3633 1271 3686 e

195 3699 326 3795 plebe,
355 3697 416 3790 qui
440 3695 563 3770 sonum
584 3696 790 3789 audierint,
819 3701 877 3774 sed
896 3701 1049 3778 caussam
1071 3703 1269 3802 ignorant,

196 3797 374 3882 credunt,
403 3792 435 3864 &
463 3806 595 3888 putant
621 3795 860 3888 pulsationem
886 3800 989 3874 illam
1014 3823 1036 3874 a
1060 3803 1271 3882 lemuribus

196 3895 309 3972 sabris
348 3889 507 3966 caussari.
580 3890 688 3968 Pueri
722 3894 789 3968 vix
822 3896 957 3974 audent
984 3897 1052 3974 soli
1081 3922 1284 3982 cameram*

1159 3999 1269 4076 inba-
