2568 4764
413 181 500 260 cu1
530 183 708 261 nouos
1016 165 1087 282 '245

118 359 331 456 Alopecurur
351 365 509 458 pratenfls
528 363 578 438 eli
600 337 786 460 optimum·
801 336 1086 462 gramen,'quod

38 454 87 528 scri
109 458 242 552 potest
261 459 297 534 in
314 461 426 553 pratis
443 461 729 556 deprellioribus.
761 462 806 535 It.
824 461 907 538 Oel.
930 487 965 558 p.
981 469 1061 556 156.

115 581 216 652 Arra
237 581 385 680 respitrffa
410 599 512 676 prata
533 583 652 656 reddit
672 583 862 660 admodum
887 583 1022 660 fertilia
1046 583 1084 660 in

31 673 198 771 Regione
216 675 513 771 Cuprimontana.
547 679 627 756 no.
639 683 721 758 Soc.
733 681 776 756 R.
788 681 823 756 S.
842 679 958 775 1742.'
975 705 1012 778 p.
1022 703 1081 776 go

116 798 198 870 Pac
214 788 361 892 apuair‘a
376 797 429 872 est
445 799 637 876 maximum
655 801 689 874 ds
706 799 922 876 utilissimum
937 817 1084 896 gramen

32 891 64 964 ad
78 893 191 987 ripas
216 891 252 966 dc
275 895 434 970 flumina.
484 895 529 972 It.
552 899 731 974 W·Gotln.
750 923 808 992 44

115 1017 199 1090 Pon
219 1017 426 1112 mgustzfhlia
446 1018 498 1094 est
517 1021 687 1115 pabulum
709 1018 1025 1114 frequentissimum
1045 1016 1084 1092 in

37 1113 146 1188 rolina
172 1113 292 1208 plaga.
519 1161 529 1169 -

117 1233 263 1322 Falisca
280 1236 436 1330 fluitans,
463 1237 602 1310 Gramen
620 1237 773 1324 Manna,
800 1235 909 1310 nobis
928 1233 991 1308 dut
1007 1253 1082 1330 gra·

30 1349 66 1398 na
83 1328 154 1401 illa
170 1349 391 1424 mannasca,
421 1333 458 1408 in
484 1335 692 1408 alimentum
718 1334 866 1407 salubre.

116 1445 264 1540 Festum
279 1457 374 1523 ruina
390 1446 480 1524 oves
498 1451 636 1526 nostras
653 1451 771 1526 reddit
792 1447 1044 1548 pinguissimas.

115 1565 259 1638 Lusium
282 1585 418 1664 perenm
440 1569 492 1646 esl
516 1591 662 1668 gramen
686 1569 864 1668 optimum
887 1588 956 1666 pro
982 1565 1080 1640 soeno

29 1660 60 1734 in
78 1664 277 1738 montibus
301 1669 491 1772 cretaceis.

125 1785 272 1878 Elymus
285 1796 454 1864 maumas
467 1789 651 1864 &Arrmdo
672 1796 820 1866 arem
844 1807 990 1862 arenam
1014 1809 1080 1860 vo·
1207 1803 1219 1814 ”

29 1881 162 1956 latilem
193 1884 426 1978 compescunt
448 1886 485 1962 in
509 1886 655 1962 desertis
678 1883 880 1962 maritimis.

124 2001 276 2076 Semina
303 2003 452 2078 minima
475 2005 686 2080 Graminum
711 2002 923 2078 volatilibus
953 2005 1081 2078 avibus

31 2101 205 2174 alimento
231 2097 322 2174 suot.
374 2102 546 2176 Gramina
570 2115 742 2197 praterea
775 2099 1082 2194 splendidissimum

36 2201 195 2272 colorem
231 2211 334 2272 terrae
368 2201 589 2288 conciliant,
628 2201 663 2273 dt
692 2199 814 2274 omnia
844 2197 955 2290 spatia
986 2199 1101 2276 inter'

38 2295 152 2369 barbas
189 2317 306 2368 vacua
334 2297 506 2390 implent,
543 2299 635 2372 adeo
663 2311 705 2372 ut
733 2297 829 2370 terra
861 2317 936 2368 non
968 2297 1081 2370 modo

41 2394 219 2484 pulchrior
243 2393 432 2485 reddatur,
458 2394 517 2468 sed
545 2395 653 2468 etiam
681 2395 793 2489 magis
818 2391 994 2468 sufficiens
1018 2394 1080 2466 ali-

36 2507 189 2564 mentum
216 2493 375 2596 praebeat
391 2493 632 2567 animantibus
654 2490 887 2590 phytivoris‚
915 2513 992 2584 quae
1014 2513 1080 2564 no·

33 2588 140 2662 bisin
170 2589 379 2664 alimentum
401 2591 525 2684 postea
548 2589 693 2665 cedunt.
744 2591 907 2662 Summus
930 2587 1082 2664 Naturae

31 2683 213 2758 Conditor
237 2699 354 2760 certas
377 2689 575 2783 graminum
600 2687 735 2782 species
763 2685 906 2778 singulis
928 2687 1081 2782 adsigna·

31 2783 82 2855 vit
110 2800 220 2857 terra
254 2782 462 2880 speciebus,
498 2809 584 2880 quas
609 2786 847 2860 Oeconomus
884 2785 1081 2858 necessario

29 2881 250 2974 cognoscere
273 2883 405 2976 debet,
431 2883 455 2958 sr
478 2903 560 2958 cum
576 2881 696 2958 srusiu
723 2881 963 2956 oeconomiam
984 2881 1082 2956 insti·

28 2991 128 3052 tuere
152 2980 287 3074 cupiat.
338 2981 512 3054 Praeterea
534 2995 632 3056 certa
653 2981 813 3077 gramina
835 2979 981 3052 acertis
1007 2979 1081 3052 ani·

25 3076 209 3148 mantibus
230 3077 406 3169 eduntur,
433 3101 453 3152 a
481 3081 591 3152 certis
615 3099 706 3150 vero
732 3079 963 3170 linquuntur,
990 3075 1081 3148 adeo

26 3189 64 3246 ut
81 3176 158 3246 sme
172 3175 285 3247 hacce
301 3175 434 3250 notitia
454 3199 597 3252 errores
609 3175 648 3250 in
667 3175 841 3272 operibus
859 3171 928 3247 suis
942 3173 1101 3247 evitare·

23 3272 90 3344 vix
117 3271 234 3366 polilt.
283 3271 330 3347 lt.
349 3271 443 3349 scan.
574 3281 581 3296 ⁸

482 3419 515 3506 §-
567 3409 629 3486 uc.

130 3549 347 3649 Quicunque
378 3571 460 3622 cum
484 3547 601 3622 srustu
634 3547 884 3642 agriculturam
912 3561 1083 3618 exercere

24 3645 155 3738 cupit,
181 3649 241 3722 ille
263 3659 363 3720 certe
384 3645 484 3722 nolle
509 3645 617 3718 debet
643 3643 766 3718 omnia
788 3661 1080 3726 vaesanorum,

25 3749 59 3818 dc
87 3743 178 3818 scire
199 3767 361 3840 quanam
389 3745 534 3820 illorum
560 3742 696 3832 species
727 3741 865 3836 optime
890 3737 1017 3814 crescit
1042 3733 1081 3844 in

27 3861 243 3938 quacunque
270 3856 392 3934 terra;
426 3843 513 3918 alias
538 3839 613 3916 scil.
646 3837 760 3916 serere
790 3837 898 3914 debet
922 3837 961 3912 in
986 3835 1079 3911 locas

546 3941 583 4042 Q
608 3961 627 4032 3
978 3949 1079 4022 apel·-

788 4235 798 4278 Ι
939 4291 944 4304 ι
