<?xml version="1.0" encoding="UTF-8"?>
<!DOCTYPE html PUBLIC "-//W3C//DTD XHTML 1.0 Transitional//EN"
    "http://www.w3.org/TR/xhtml1/DTD/xhtml1-transitional.dtd">
<html xmlns="http://www.w3.org/1999/xhtml" xml:lang="en" lang="en">
 <head>
  <title>
</title>
<meta http-equiv="Content-Type" content="text/html;charset=utf-8" />
  <meta name='ocr-system' content='tesseract 3.04.00' />
  <meta name='ocr-capabilities' content='ocr_page ocr_carea ocr_par ocr_line ocrx_word'/>
</head>
<body>
  <div class='ocr_page' id='page_1' title='image "./carolialinnequi09schrgoog_0058.png"; bbox 0 0 2712 4770; ppageno 0'>
   <div class='ocr_carea' id='block_1_1' title="bbox 34 231 1107 656">
    <p class='ocr_par' dir='ltr' id='par_1_1' title="bbox 34 231 1107 656">
     <span class='ocr_line' id='line_1_1' title="bbox 314 231 1107 362; baseline -0.01 -23"><span class='ocrx_word' id='word_1_1' title='bbox 314 253 550 338; x_wconf 78' lang='lat' dir='ltr'>PLllNTAE&#39;</span> <span class='ocrx_word' id='word_1_2' title='bbox 564 231 833 350; x_wconf 62' lang='lat' dir='ltr'>nmmum</span> <span class='ocrx_word' id='word_1_3' title='bbox 1054 261 1107 362; x_wconf 76' lang='lat'>&#39;47</span> 
     </span>
     <span class='ocr_line' id='line_1_2' title="bbox 42 429 1097 538; baseline -0.01 -17"><span class='ocrx_word' id='word_1_4' title='bbox 42 437 506 538; x_wconf 66' lang='lat' dir='ltr'>runmcnpuaufru.</span> <span class='ocrx_word' id='word_1_5' title='bbox 613 457 624 488; x_wconf 69' lang='lat'>-=</span> <span class='ocrx_word' id='word_1_6' title='bbox 1043 429 1097 438; x_wconf 88' lang='lat'>··</span> 
     </span>
     <span class='ocr_line' id='line_1_3' title="bbox 34 549 449 656; baseline -0.012 -23"><span class='ocrx_word' id='word_1_7' title='bbox 34 554 83 656; x_wconf 57' lang='grc' dir='ltr'>ἅ</span> <span class='ocrx_word' id='word_1_8' title='bbox 106 551 315 632; x_wconf 76' lang='lat' dir='ltr'>namen</span> <span class='ocrx_word' id='word_1_9' title='bbox 336 549 449 630; x_wconf 69' lang='lat' dir='ltr'>aura.</span> 
     </span>
    </p>
   </div>
   <div class='ocr_carea' id='block_1_2' title="bbox 133 668 1242 776">
    <p class='ocr_par' dir='ltr' id='par_1_2' title="bbox 133 668 1242 776">
     <span class='ocr_line' id='line_1_4' title="bbox 133 668 1242 776; baseline 0.005 -25"><span class='ocrx_word' id='word_1_10' title='bbox 133 675 250 751; x_wconf 88' lang='lat' dir='ltr'>Hanc</span> <span class='ocrx_word' id='word_1_11' title='bbox 260 673 418 749; x_wconf 85' lang='lat' dir='ltr'>nostram</span> <span class='ocrx_word' id='word_1_12' title='bbox 435 673 597 770; x_wconf 82' lang='lat' dir='ltr'>plantam</span> <span class='ocrx_word' id='word_1_13' title='bbox 617 668 643 762; x_wconf 75' lang='grc' dir='ltr'>ῼ</span> <span class='ocrx_word' id='word_1_14' title='bbox 663 673 843 776; x_wconf 81' lang='lat' dir='ltr'>originem</span> <span class='ocrx_word' id='word_1_15' title='bbox 857 673 953 750; x_wconf 87' lang='lat' dir='ltr'>suam</span> <span class='ocrx_word' id='word_1_16' title='bbox 968 675 1104 756; x_wconf 78' lang='lat' dir='ltr'>dauille</span> <span class='ocrx_word' id='word_1_17' title='bbox 1240 721 1242 726; x_wconf 95' lang='lat'>·</span> 
     </span>
    </p>
   </div>
   <div class='ocr_carea' id='block_1_3' title="bbox 35 761 1105 1654">
    <p class='ocr_par' dir='ltr' id='par_1_3' title="bbox 35 761 1105 1654">
     <span class='ocr_line' id='line_1_5' title="bbox 35 761 1104 872; baseline 0.004 -24"><span class='ocrx_word' id='word_1_18' title='bbox 35 799 84 849; x_wconf 80' lang='lat' dir='ltr'>ex</span> <span class='ocrx_word' id='word_1_19' title='bbox 108 771 136 862; x_wconf 77' lang='grc' dir='ltr'>ῼ</span> <span class='ocrx_word' id='word_1_20' title='bbox 158 772 351 870; x_wconf 87' lang='lat' dir='ltr'>perspicue</span> <span class='ocrx_word' id='word_1_21' title='bbox 376 769 624 848; x_wconf 80' lang='lat' dir='ltr'>demonstrant</span> <span class='ocrx_word' id='word_1_22' title='bbox 645 771 679 847; x_wconf 66' lang='grc' dir='ltr'><strong>ἃ</strong></span> <span class='ocrx_word' id='word_1_23' title='bbox 697 761 843 847; x_wconf 86' lang='lat' dir='ltr'>habitus¹</span> <span class='ocrx_word' id='word_1_24' title='bbox 865 771 898 848; x_wconf 90' lang='lat'>&amp;</span> <span class='ocrx_word' id='word_1_25' title='bbox 920 777 1104 872; x_wconf 85' lang='lat' dir='ltr'>praecipue</span> 
     </span>
     <span class='ocr_line' id='line_1_6' title="bbox 36 865 1104 972; baseline 0.004 -26"><span class='ocrx_word' id='word_1_26' title='bbox 36 873 299 972; x_wconf 77' lang='lat' dir='ltr'>inflorescemr&#39;a,</span> <span class='ocrx_word' id='word_1_27' title='bbox 336 883 489 964; x_wconf 87' lang='lat' dir='ltr'>utraque</span> <span class='ocrx_word' id='word_1_28' title='bbox 518 870 615 944; x_wconf 90' lang='lat' dir='ltr'>enim</span> <span class='ocrx_word' id='word_1_29' title='bbox 650 865 696 946; x_wconf 82' lang='lat' dir='ltr'>ex&#39;</span> <span class='ocrx_word' id='word_1_30' title='bbox 726 870 850 945; x_wconf 87' lang='lat' dir='ltr'>eadem</span> <span class='ocrx_word' id='word_1_31' title='bbox 883 872 991 946; x_wconf 81' lang='lat' dir='ltr'>axilla</span> <span class='ocrx_word' id='word_1_32' title='bbox 1020 873 1104 952; x_wconf 87' lang='lat' dir='ltr'>folii</span> 
     </span>
     <span class='ocr_line' id='line_1_7' title="bbox 40 965 1102 1070; baseline 0.004 -28"><span class='ocrx_word' id='word_1_33' title='bbox 40 971 181 1044; x_wconf 88' lang='lat' dir='ltr'>emittit</span> <span class='ocrx_word' id='word_1_34' title='bbox 196 967 442 1064; x_wconf 88' lang='lat' dir='ltr'>pedunculum</span> <span class='ocrx_word' id='word_1_35' title='bbox 460 965 676 1060; x_wconf 86' lang='lat' dir='ltr'>masculum,</span> <span class='ocrx_word' id='word_1_36' title='bbox 701 989 848 1044; x_wconf 82' lang='lat' dir='ltr'>racemo</span> <span class='ocrx_word' id='word_1_37' title='bbox 871 967 1102 1070; x_wconf 86' lang='lat' dir='ltr'>dichotomo,</span> 
     </span>
     <span class='ocr_line' id='line_1_8' title="bbox 44 1065 1104 1164; baseline 0.006 -24"><span class='ocrx_word' id='word_1_38' title='bbox 44 1069 83 1140; x_wconf 78' lang='lat' dir='ltr'>br</span> <span class='ocrx_word' id='word_1_39' title='bbox 98 1067 342 1162; x_wconf 88' lang='lat' dir='ltr'>pedunculum</span> <span class='ocrx_word' id='word_1_40' title='bbox 357 1065 566 1140; x_wconf 86' lang='lat' dir='ltr'>foemineum</span> <span class='ocrx_word' id='word_1_41' title='bbox 589 1065 741 1142; x_wconf 87' lang='lat' dir='ltr'>floribus</span> <span class='ocrx_word' id='word_1_42' title='bbox 763 1067 802 1141; x_wconf 91' lang='lat' dir='ltr'>in</span> <span class='ocrx_word' id='word_1_43' title='bbox 827 1067 975 1164; x_wconf 87' lang='lat' dir='ltr'>globum</span> <span class='ocrx_word' id='word_1_44' title='bbox 1004 1091 1104 1146; x_wconf 90' lang='lat' dir='ltr'>com·</span> 
     </span>
     <span class='ocr_line' id='line_1_9' title="bbox 46 1161 1104 1261; baseline 0.005 -23"><span class='ocrx_word' id='word_1_45' title='bbox 46 1165 166 1261; x_wconf 69' lang='lat' dir='ltr'>pallis.</span> <span class='ocrx_word' id='word_1_46' title='bbox 219 1163 350 1257; x_wconf 90' lang='lat' dir='ltr'>Itaque</span> <span class='ocrx_word' id='word_1_47' title='bbox 377 1161 523 1257; x_wconf 84' lang='lat' dir='ltr'>quando</span> <span class='ocrx_word' id='word_1_48' title='bbox 546 1183 674 1240; x_wconf 89' lang='lat' dir='ltr'>omnes</span> <span class='ocrx_word' id='word_1_49' title='bbox 698 1163 835 1258; x_wconf 85' lang='lat' dir='ltr'>species</span> <span class='ocrx_word' id='word_1_50' title='bbox 852 1165 990 1240; x_wconf 88' lang='lat' dir='ltr'>Urticae</span> <span class='ocrx_word' id='word_1_51' title='bbox 1015 1190 1104 1243; x_wconf 91' lang='lat' dir='ltr'>con·</span> 
     </span>
     <span class='ocr_line' id='line_1_10' title="bbox 43 1261 1105 1360; baseline 0.002 -22"><span class='ocrx_word' id='word_1_52' title='bbox 43 1263 234 1354; x_wconf 72' lang='lat' dir='ltr'>smunnrr,</span> <span class='ocrx_word' id='word_1_53' title='bbox 262 1262 345 1336; x_wconf 84' lang='lat' dir='ltr'>satis</span> <span class='ocrx_word' id='word_1_54' title='bbox 371 1261 562 1336; x_wconf 85' lang='lat' dir='ltr'>evidenter</span> <span class='ocrx_word' id='word_1_55' title='bbox 587 1263 793 1360; x_wconf 83' lang='lat' dir='ltr'><strong>colligitur,</strong></span> <span class='ocrx_word' id='word_1_56' title='bbox 824 1263 887 1336; x_wconf 84' lang='lat' dir='ltr'>bas</span> <span class='ocrx_word' id='word_1_57' title='bbox 910 1285 930 1336; x_wconf 90' lang='lat' dir='ltr'>a</span> <span class='ocrx_word' id='word_1_58' title='bbox 952 1263 986 1337; x_wconf 86' lang='lat' dir='ltr'>sa</span> <span class='ocrx_word' id='word_1_59' title='bbox 1008 1264 1105 1340; x_wconf 89' lang='lat' dir='ltr'>invi·</span> 
     </span>
     <span class='ocr_line' id='line_1_11' title="bbox 42 1359 1103 1456; baseline 0.002 -20"><span class='ocrx_word' id='word_1_60' title='bbox 42 1385 120 1436; x_wconf 92' lang='lat' dir='ltr'>cem</span> <span class='ocrx_word' id='word_1_61' title='bbox 164 1375 270 1436; x_wconf 80' lang='lat' dir='ltr'>ortas</span> <span class='ocrx_word' id='word_1_62' title='bbox 309 1359 405 1452; x_wconf 81' lang='lat' dir='ltr'>elle,</span> <span class='ocrx_word' id='word_1_63' title='bbox 447 1359 675 1456; x_wconf 86' lang='lat' dir='ltr'>maximeque-</span> <span class='ocrx_word' id='word_1_64' title='bbox 711 1359 903 1442; x_wconf 78' lang='lat' dir='ltr'>verisimile</span> <span class='ocrx_word' id='word_1_65' title='bbox 940 1361 1103 1456; x_wconf 84' lang='lat' dir='ltr'>videtur,</span> 
     </span>
     <span class='ocr_line' id='line_1_12' title="bbox 40 1451 1105 1560; baseline 0.008 -26"><span class='ocrx_word' id='word_1_66' title='bbox 40 1461 135 1534; x_wconf 79' lang='lat' dir='ltr'>hanc</span> <span class='ocrx_word' id='word_1_67' title='bbox 149 1459 315 1554; x_wconf 82' lang='lat' dir='ltr'>plantam</span> <span class='ocrx_word' id='word_1_68' title='bbox 335 1470 562 1554; x_wconf 86' lang='lat' dir='ltr'>procreatam</span> <span class='ocrx_word' id='word_1_69' title='bbox 580 1457 649 1534; x_wconf 82' lang='lat' dir='ltr'>else</span> <span class='ocrx_word' id='word_1_70' title='bbox 667 1481 687 1533; x_wconf 88' lang='lat' dir='ltr'>a</span> <span class='ocrx_word' id='word_1_71' title='bbox 705 1451 764 1554; x_wconf 55' lang='grc' dir='ltr'>ὦ,</span> <span class='ocrx_word' id='word_1_72' title='bbox 791 1479 874 1534; x_wconf 87' lang='lat' dir='ltr'>cum</span> <span class='ocrx_word' id='word_1_73' title='bbox 889 1459 980 1535; x_wconf 84' lang='lat' dir='ltr'>folia</span> <span class='ocrx_word' id='word_1_74' title='bbox 996 1461 1105 1560; x_wconf 70' lang='lat' dir='ltr'>hujus</span> 
     </span>
     <span class='ocr_line' id='line_1_13' title="bbox 43 1549 813 1654; baseline 0 -22"><span class='ocrx_word' id='word_1_75' title='bbox 43 1559 176 1654; x_wconf 83' lang='lat' dir='ltr'>plantae</span> <span class='ocrx_word' id='word_1_76' title='bbox 203 1557 274 1631; x_wconf 91' lang='lat' dir='ltr'>smt</span> <span class='ocrx_word' id='word_1_77' title='bbox 294 1555 464 1648; x_wconf 82' lang='lat' dir='ltr'>cordata,</span> <span class='ocrx_word' id='word_1_78' title='bbox 489 1553 524 1628; x_wconf 89' lang='lat'>&amp;</span> <span class='ocrx_word' id='word_1_79' title='bbox 545 1553 677 1632; x_wconf 84' lang='lat' dir='ltr'>serrata</span> <span class='ocrx_word' id='word_1_80' title='bbox 694 1569 737 1632; x_wconf 87' lang='lat' dir='ltr'>ut</span> <span class='ocrx_word' id='word_1_81' title='bbox 756 1549 813 1654; x_wconf 60' lang='grc' dir='ltr'>ἅ,</span> 
     </span>
    </p>
   </div>
   <div class='ocr_carea' id='block_1_4' title="bbox 47 1693 560 1904">
    <p class='ocr_par' dir='ltr' id='par_1_4' title="bbox 47 1693 560 1904">
     <span class='ocr_line' id='line_1_14' title="bbox 47 1693 534 1796; baseline -0.014 -20"><span class='ocrx_word' id='word_1_82' title='bbox 47 1725 106 1796; x_wconf 77' lang='lat'>27.</span> <span class='ocrx_word' id='word_1_83' title='bbox 132 1697 162 1792; x_wconf 63' lang='lat' dir='ltr'>l}</span> <span class='ocrx_word' id='word_1_84' title='bbox 189 1693 399 1772; x_wconf 83' lang='lat' dir='ltr'>PYROLA</span> <span class='ocrx_word' id='word_1_85' title='bbox 420 1702 534 1770; x_wconf 64' lang='lat' dir='ltr'>aanor.</span> 
     </span>
     <span class='ocr_line' id='line_1_15' title="bbox 53 1807 560 1904; baseline -0.01 -13"><span class='ocrx_word' id='word_1_86' title='bbox 53 1812 81 1902; x_wconf 70' lang='grc'>9</span> <span class='ocrx_word' id='word_1_87' title='bbox 109 1811 317 1904; x_wconf 86' lang='lat' dir='ltr'>PYROLA</span> <span class='ocrx_word' id='word_1_88' title='bbox 340 1807 560 1903; x_wconf 78' lang='lat' dir='ltr'>rotuudifolia.</span> 
     </span>
    </p>
   </div>
   <div class='ocr_carea' id='block_1_5' title="bbox 39 1925 1162 2824">
    <p class='ocr_par' dir='ltr' id='par_1_5' title="bbox 41 1925 500 2031">
     <span class='ocr_line' id='line_1_16' title="bbox 41 1925 500 2031; baseline -0.022 -22"><span class='ocrx_word' id='word_1_89' title='bbox 41 1925 92 2031; x_wconf 62' lang='grc' dir='ltr'>δ’</span> <span class='ocrx_word' id='word_1_90' title='bbox 117 1925 329 2008; x_wconf 79' lang='lat' dir='ltr'>PYROLA</span> <span class='ocrx_word' id='word_1_91' title='bbox 345 1927 500 2024; x_wconf 77' lang='lat' dir='ltr'>secunda.</span> 
     </span>
    </p>

    <p class='ocr_par' dir='ltr' id='par_1_6' title="bbox 39 2042 1162 2824">
     <span class='ocr_line' id='line_1_17' title="bbox 141 2042 1103 2142; baseline -0.003 -17"><span class='ocrx_word' id='word_1_92' title='bbox 141 2049 199 2126; x_wconf 88' lang='lat' dir='ltr'>Et</span> <span class='ocrx_word' id='word_1_93' title='bbox 221 2069 293 2142; x_wconf 89' lang='lat' dir='ltr'>qua</span> <span class='ocrx_word' id='word_1_94' title='bbox 316 2045 410 2118; x_wconf 83' lang='lat' dir='ltr'>Folio</span> <span class='ocrx_word' id='word_1_95' title='bbox 434 2043 556 2138; x_wconf 85' lang='lat' dir='ltr'>&amp;qua</span> <span class='ocrx_word' id='word_1_96' title='bbox 569 2042 708 2140; x_wconf 82' lang='lat' dir='ltr'>scapum</span> <span class='ocrx_word' id='word_1_97' title='bbox 726 2042 964 2137; x_wconf 81' lang='lat' dir='ltr'>triquetrum,</span> <span class='ocrx_word' id='word_1_98' title='bbox 991 2043 1103 2122; x_wconf 95' lang='lat' dir='ltr'>immo</span> 
     </span>
     <span class='ocr_line' id='line_1_18' title="bbox 41 2139 1105 2245; baseline -0.008 -20"><span class='ocrx_word' id='word_1_99' title='bbox 41 2153 77 2226; x_wconf 72' lang='lat' dir='ltr'>tr</span> <span class='ocrx_word' id='word_1_100' title='bbox 91 2171 165 2245; x_wconf 88' lang='lat' dir='ltr'>qua</span> <span class='ocrx_word' id='word_1_101' title='bbox 182 2167 345 2220; x_wconf 84' lang='lat' dir='ltr'><em>racemum</em></span> <span class='ocrx_word' id='word_1_102' title='bbox 365 2139 742 2236; x_wconf 75' lang='lat' dir='ltr'>undique‘floriferum</span> <span class='ocrx_word' id='word_1_103' title='bbox 765 2141 817 2214; x_wconf 84' lang='lat' dir='ltr'>ita</span> <span class='ocrx_word' id='word_1_104' title='bbox 838 2142 991 2216; x_wconf 91' lang='lat' dir='ltr'>omnino</span> <span class='ocrx_word' id='word_1_105' title='bbox 1003 2141 1050 2218; x_wconf 88' lang='lat' dir='ltr'>&#39;ad</span> <span class='ocrx_word' id='word_1_106' title='bbox 1075 2143 1105 2234; x_wconf 79' lang='grc' dir='ltr'>ῼ</span> 
     </span>
     <span class='ocr_line' id='line_1_19' title="bbox 42 2234 1107 2336; baseline -0.001 -17"><span class='ocrx_word' id='word_1_107' title='bbox 42 2245 215 2336; x_wconf 79' lang='lat' dir='ltr'>accedit,</span> <span class='ocrx_word' id='word_1_108' title='bbox 256 2255 300 2318; x_wconf 90' lang='lat' dir='ltr'>ut</span> <span class='ocrx_word' id='word_1_109' title='bbox 323 2239 485 2313; x_wconf 88' lang='lat' dir='ltr'>&amp;multi</span> <span class='ocrx_word' id='word_1_110' title='bbox 518 2238 616 2314; x_wconf 85' lang='lat' dir='ltr'>illam</span> <span class='ocrx_word' id='word_1_111' title='bbox 645 2259 714 2332; x_wconf 89' lang='lat' dir='ltr'>pro</span> <span class='ocrx_word' id='word_1_112' title='bbox 747 2234 773 2325; x_wconf 76' lang='grc' dir='ltr'>ῼ</span> <span class='ocrx_word' id='word_1_113' title='bbox 806 2237 990 2314; x_wconf 87' lang='lat' dir='ltr'>sumserint</span> <span class='ocrx_word' id='word_1_114' title='bbox 998 2258 1016 2334; x_wconf 81' lang='lat'>‚·</span> <span class='ocrx_word' id='word_1_115' title='bbox 1042 2243 1107 2318; x_wconf 92' lang='lat' dir='ltr'>vel</span> 
     </span>
     <span class='ocr_line' id='line_1_20' title="bbox 42 2336 1105 2444; baseline -0.005 -24"><span class='ocrx_word' id='word_1_116' title='bbox 42 2369 113 2444; x_wconf 92' lang='lat' dir='ltr'>pro</span> <span class='ocrx_word' id='word_1_117' title='bbox 144 2341 309 2436; x_wconf 89' lang='lat' dir='ltr'>fimplice</span> <span class='ocrx_word' id='word_1_118' title='bbox 335 2337 514 2413; x_wconf 86' lang='lat' dir='ltr'>varietate</span> <span class='ocrx_word' id='word_1_119' title='bbox 544 2337 641 2410; x_wconf 89' lang='lat' dir='ltr'>illam</span> <span class='ocrx_word' id='word_1_120' title='bbox 677 2336 914 2434; x_wconf 78' lang='lat' dir='ltr'>venditarint.</span> <span class='ocrx_word' id='word_1_121' title='bbox 976 2339 1105 2416; x_wconf 77' lang='lat' dir='ltr'>Floret</span> 
     </span>
     <span class='ocr_line' id='line_1_21' title="bbox 47 2433 1106 2528; baseline -0.006 -9"><span class='ocrx_word' id='word_1_122' title='bbox 47 2466 142 2519; x_wconf 85' lang='lat' dir='ltr'>vero</span> <span class='ocrx_word' id='word_1_123' title='bbox 155 2437 369 2517; x_wconf 86' lang='lat' dir='ltr'>staminibus</span> <span class='ocrx_word' id='word_1_124' title='bbox 390 2433 539 2526; x_wconf 74' lang='lat' dir='ltr'>emilis,</span> <span class='ocrx_word' id='word_1_125' title='bbox 564 2455 632 2508; x_wconf 89' lang='lat' dir='ltr'>nec</span> <span class='ocrx_word' id='word_1_126' title='bbox 647 2435 993 2528; x_wconf 84' lang='lat' dir='ltr'>procumbentibus,</span> <span class='ocrx_word' id='word_1_127' title='bbox 1017 2459 1106 2514; x_wconf 89' lang='lat' dir='ltr'>con·</span> 
     </span>
     <span class='ocr_line' id='line_1_22' title="bbox 43 2527 1106 2640; baseline -0.007 -25"><span class='ocrx_word' id='word_1_128' title='bbox 43 2553 181 2640; x_wconf 86' lang='lat' dir='ltr'>gruunt</span> <span class='ocrx_word' id='word_1_129' title='bbox 207 2558 293 2611; x_wconf 83' lang='lat' dir='ltr'>eum</span> <span class='ocrx_word' id='word_1_130' title='bbox 318 2527 374 2629; x_wconf 52' lang='grc' dir='ltr'>ὦ.</span> <span class='ocrx_word' id='word_1_131' title='bbox 434 2531 732 2606; x_wconf 87' lang='lat' dir='ltr'>Probabilitatem</span> <span class='ocrx_word' id='word_1_132' title='bbox 758 2547 866 2630; x_wconf 88' lang='lat' dir='ltr'>auget</span> <span class='ocrx_word' id='word_1_133' title='bbox 894 2535 1025 2628; x_wconf 84' lang='lat' dir='ltr'>plantae</span> <span class='ocrx_word' id='word_1_134' title='bbox 1050 2533 1106 2609; x_wconf 85' lang='lat' dir='ltr'>in·</span> 
     </span>
     <span class='ocr_line' id='line_1_23' title="bbox 42 2627 1162 2737; baseline -0.008 -21"><span class='ocrx_word' id='word_1_135' title='bbox 42 2641 134 2737; x_wconf 85' lang='lat' dir='ltr'>opia</span> <span class='ocrx_word' id='word_1_136' title='bbox 162 2638 263 2712; x_wconf 87' lang='lat' dir='ltr'>inter</span> <span class='ocrx_word' id='word_1_137' title='bbox 293 2643 467 2728; x_wconf 84' lang='lat' dir='ltr'>cognatas</span> <span class='ocrx_word' id='word_1_138' title='bbox 497 2627 817 2724; x_wconf 84' lang='lat' dir='ltr'>frequentiffimas,</span> <span class='ocrx_word' id='word_1_139' title='bbox 844 2631 943 2728; x_wconf 90' lang='lat' dir='ltr'>quod</span> <span class='ocrx_word' id='word_1_140' title='bbox 973 2631 1105 2731; x_wconf 83' lang='lat' dir='ltr'>arguit,</span> <span class='ocrx_word' id='word_1_141' title='bbox 1157 2707 1162 2720; x_wconf 82' lang='grc'><strong>,</strong></span> 
     </span>
     <span class='ocr_line' id='line_1_24' title="bbox 39 2727 637 2824; baseline -0.018 -9"><span class='ocrx_word' id='word_1_142' title='bbox 39 2739 201 2815; x_wconf 89' lang='lat' dir='ltr'>eandem</span> <span class='ocrx_word' id='word_1_143' title='bbox 223 2731 294 2807; x_wconf 81' lang='lat' dir='ltr'>ell&#39;e</span> <span class='ocrx_word' id='word_1_144' title='bbox 316 2727 493 2824; x_wconf 82' lang='lat' dir='ltr'>temporis</span> <span class='ocrx_word' id='word_1_145' title='bbox 513 2728 637 2804; x_wconf 88' lang='lat' dir='ltr'>filiam.</span> 
     </span>
    </p>
   </div>
   <div class='ocr_carea' id='block_1_6' title="bbox 37 2848 1105 3024">
    <p class='ocr_par' dir='ltr' id='par_1_7' title="bbox 37 2848 1105 3024">
     <span class='ocr_line' id='line_1_25' title="bbox 37 2848 446 2933; baseline -0.034 0"><span class='ocrx_word' id='word_1_146' title='bbox 37 2848 256 2933; x_wconf 77' lang='lat' dir='ltr'>PYROLA</span> <span class='ocrx_word' id='word_1_147' title='bbox 275 2851 446 2922; x_wconf 83' lang='lat' dir='ltr'>maculato.</span> 
     </span>
     <span class='ocr_line' id='line_1_26' title="bbox 145 2938 1105 3024; baseline -0.007 -1"><span class='ocrx_word' id='word_1_148' title='bbox 145 2947 338 3024; x_wconf 89' lang='lat' dir='ltr'>Convenit</span> <span class='ocrx_word' id='word_1_149' title='bbox 359 2965 441 3018; x_wconf 90' lang='lat' dir='ltr'>cum</span> <span class='ocrx_word' id='word_1_150' title='bbox 457 2939 662 3018; x_wconf 78' lang='lat' dir='ltr'>PYROLA</span> <span class='ocrx_word' id='word_1_151' title='bbox 681 2943 863 3018; x_wconf 77' lang='lat' dir='ltr'>umbellam.</span> <span class='ocrx_word' id='word_1_152' title='bbox 915 2938 1019 3018; x_wconf 79' lang='lat' dir='ltr'>Foliis</span> <span class='ocrx_word' id='word_1_153' title='bbox 1040 2941 1105 3022; x_wconf 90' lang='lat' dir='ltr'>ob·</span> 
     </span>
    </p>
   </div>
   <div class='ocr_carea' id='block_1_7' title="bbox 37 3037 1111 3926">
    <p class='ocr_par' dir='ltr' id='par_1_8' title="bbox 37 3037 1107 3816">
     <span class='ocr_line' id='line_1_27' title="bbox 38 3037 1106 3148; baseline -0.016 -18"><span class='ocrx_word' id='word_1_154' title='bbox 38 3049 170 3148; x_wconf 86' lang='lat' dir='ltr'>longis</span> <span class='ocrx_word' id='word_1_155' title='bbox 201 3043 381 3136; x_wconf 85' lang='lat' dir='ltr'>dentatis,</span> <span class='ocrx_word' id='word_1_156' title='bbox 411 3040 520 3138; x_wconf 85' lang='lat' dir='ltr'>scapo</span> <span class='ocrx_word' id='word_1_157' title='bbox 552 3041 773 3134; x_wconf 73' lang='lat' dir='ltr'>umbellam,</span> <span class='ocrx_word' id='word_1_158' title='bbox 805 3041 942 3115; x_wconf 69' lang='lat' dir='ltr'>birrum</span> <span class='ocrx_word' id='word_1_159' title='bbox 959 3037 1106 3134; x_wconf 69' lang='lat' dir='ltr'>forma,</span> 
     </span>
     <span class='ocr_line' id='line_1_28' title="bbox 37 3135 1107 3238; baseline -0.016 -9"><span class='ocrx_word' id='word_1_160' title='bbox 37 3157 161 3238; x_wconf 85' lang='lat' dir='ltr'>loco,</span> <span class='ocrx_word' id='word_1_161' title='bbox 184 3157 228 3220; x_wconf 92' lang='lat' dir='ltr'>ut</span> <span class='ocrx_word' id='word_1_162' title='bbox 249 3141 398 3218; x_wconf 91' lang='lat' dir='ltr'>dubium</span> <span class='ocrx_word' id='word_1_163' title='bbox 419 3162 497 3216; x_wconf 92' lang='lat' dir='ltr'>non</span> <span class='ocrx_word' id='word_1_164' title='bbox 517 3139 579 3232; x_wconf 88' lang='lat' dir='ltr'>lit,</span> <span class='ocrx_word' id='word_1_165' title='bbox 608 3138 696 3234; x_wconf 89' lang='lat' dir='ltr'>quin</span> <span class='ocrx_word' id='word_1_166' title='bbox 718 3137 822 3234; x_wconf 87' lang='lat' dir='ltr'>prior</span> <span class='ocrx_word' id='word_1_167' title='bbox 838 3159 884 3212; x_wconf 84' lang='lat' dir='ltr'>ex</span> <span class='ocrx_word' id='word_1_168' title='bbox 902 3135 1107 3233; x_wconf 87' lang='lat' dir='ltr'>posteriore</span> 
     </span>
     <span class='ocr_line' id='line_1_29' title="bbox 38 3235 1107 3348; baseline -0.015 -22"><span class='ocrx_word' id='word_1_169' title='bbox 38 3243 253 3348; x_wconf 88' lang='lat' dir='ltr'>prodierit,</span> <span class='ocrx_word' id='word_1_170' title='bbox 287 3251 446 3316; x_wconf 85' lang='lat' dir='ltr'>attamen</span> <span class='ocrx_word' id='word_1_171' title='bbox 470 3237 522 3311; x_wconf 90' lang='lat' dir='ltr'>ita</span> <span class='ocrx_word' id='word_1_172' title='bbox 553 3235 749 3344; x_wconf 82' lang='lat' dir='ltr'>differunt,</span> <span class='ocrx_word' id='word_1_173' title='bbox 783 3248 826 3310; x_wconf 90' lang='lat' dir='ltr'>ut</span> <span class='ocrx_word' id='word_1_174' title='bbox 851 3235 1012 3332; x_wconf 89' lang='lat' dir='ltr'>priorem</span> <span class='ocrx_word' id='word_1_175' title='bbox 1036 3253 1107 3332; x_wconf 86' lang='lat' dir='ltr'>pro</span> 
     </span>
     <span class='ocr_line' id='line_1_30' title="bbox 38 3331 1006 3442; baseline -0.015 -17"><span class='ocrx_word' id='word_1_176' title='bbox 38 3340 300 3442; x_wconf 85' lang='lat' dir='ltr'>srmpliciffima</span> <span class='ocrx_word' id='word_1_177' title='bbox 323 3337 503 3412; x_wconf 42' lang='lat' dir='ltr'>varietatew</span> <span class='ocrx_word' id='word_1_178' title='bbox 525 3358 603 3411; x_wconf 90' lang='lat' dir='ltr'>non</span> <span class='ocrx_word' id='word_1_179' title='bbox 626 3335 735 3410; x_wconf 87' lang='lat' dir='ltr'>facile</span> <span class='ocrx_word' id='word_1_180' title='bbox 763 3331 1006 3434; x_wconf 84' lang='lat' dir='ltr'>agnoscerem.</span> 
     </span>
     <span class='ocr_line' id='line_1_31' title="bbox 40 3469 761 3573; baseline -0.015 -20"><span class='ocrx_word' id='word_1_181' title='bbox 40 3497 107 3570; x_wconf 81' lang='lat'>28.</span> <span class='ocrx_word' id='word_1_182' title='bbox 141 3475 172 3573; x_wconf 56' lang='grc' dir='ltr'>ξ</span> <span class='ocrx_word' id='word_1_183' title='bbox 197 3469 548 3552; x_wconf 80' lang='lat' dir='ltr'>THALICTRUM</span> <span class='ocrx_word' id='word_1_184' title='bbox 574 3485 761 3554; x_wconf 79' lang='lat' dir='ltr'>contortum.</span> 
     </span>
     <span class='ocr_line' id='line_1_32' title="bbox 45 3588 750 3702; baseline -0.011 -28"><span class='ocrx_word' id='word_1_185' title='bbox 45 3603 75 3693; x_wconf 81' lang='grc' dir='ltr'>ῼ</span> <span class='ocrx_word' id='word_1_186' title='bbox 104 3591 460 3673; x_wconf 85' lang='lat' dir='ltr'>THALICTRUM</span> <span class='ocrx_word' id='word_1_187' title='bbox 487 3588 750 3702; x_wconf 79' lang='lat' dir='ltr'>aquilegisolium.</span> 
     </span>
     <span class='ocr_line' id='line_1_33' title="bbox 40 3705 612 3816; baseline -0.016 -27"><span class='ocrx_word' id='word_1_188' title='bbox 40 3713 93 3816; x_wconf 61' lang='grc' dir='ltr'>(ζ’</span> <span class='ocrx_word' id='word_1_189' title='bbox 116 3705 471 3788; x_wconf 83' lang='lat' dir='ltr'>THALICTRUM</span> <span class='ocrx_word' id='word_1_190' title='bbox 494 3712 612 3780; x_wconf 82' lang='lat' dir='ltr'>minus.</span> 
     </span>
    </p>

    <p class='ocr_par' dir='ltr' id='par_1_9' title="bbox 147 3810 1111 3926">
     <span class='ocr_line' id='line_1_34' title="bbox 147 3810 1111 3926; baseline -0.026 -17"><span class='ocrx_word' id='word_1_191' title='bbox 147 3832 267 3908; x_wconf 88' lang='lat' dir='ltr'>Nova</span> <span class='ocrx_word' id='word_1_192' title='bbox 278 3817 402 3926; x_wconf 87' lang='lat' dir='ltr'>planta</span> <span class='ocrx_word' id='word_1_193' title='bbox 420 3849 539 3924; x_wconf 91' lang='lat' dir='ltr'>nuper</span> <span class='ocrx_word' id='word_1_194' title='bbox 557 3825 597 3901; x_wconf 92' lang='lat' dir='ltr'>in</span> <span class='ocrx_word' id='word_1_195' title='bbox 612 3824 737 3901; x_wconf 87' lang='lat' dir='ltr'>Horto</span> <span class='ocrx_word' id='word_1_196' title='bbox 755 3815 964 3898; x_wconf 85' lang='lat' dir='ltr'>academico</span> <span class='ocrx_word' id='word_1_197' title='bbox 975 3810 1064 3901; x_wconf 68' lang='lat' dir='ltr'>vila,</span> <span class='ocrx_word' id='word_1_198' title='bbox 1087 3831 1111 3884; x_wconf 87' lang='lat' dir='ltr'>e</span> 
     </span>
    </p>
   </div>
   <div class='ocr_carea' id='block_1_8' title="bbox 45 3909 1267 4104">
    <p class='ocr_par' dir='ltr' id='par_1_10' title="bbox 45 3909 1267 4104">
     <span class='ocr_line' id='line_1_35' title="bbox 45 3909 1267 4104; baseline -0.007 -94"><span class='ocrx_word' id='word_1_199' title='bbox 45 3920 476 4028; x_wconf 74' lang='lat' dir='ltr'>seminibusrutbenicis</span> <span class='ocrx_word' id='word_1_200' title='bbox 499 3937 604 4018; x_wconf 79' lang='lat' dir='ltr'>orta,</span> <span class='ocrx_word' id='word_1_201' title='bbox 632 3930 777 4033; x_wconf 65' lang='lat' dir='ltr'>emacuit</span> <span class='ocrx_word' id='word_1_202' title='bbox 794 3937 886 3998; x_wconf 68' lang='lat' dir='ltr'>eum</span> <span class='ocrx_word' id='word_1_203' title='bbox 910 3909 1109 4104; x_wconf 42' lang='lat' dir='ltr'>21¹1&amp;ae</span> <span class='ocrx_word' id='word_1_204' title='bbox 1264 3961 1267 3968; x_wconf 90' lang='lat'>·</span> 
     </span>
    </p>
   </div>
   <div class='ocr_carea' id='block_1_9' title="bbox 0 0 1361 4770">
    <p class='ocr_par' dir='ltr' id='par_1_11' title="bbox 0 0 1361 4770">
     <span class='ocr_line' id='line_1_36' title="bbox 0 0 1361 4770; baseline 0 0"><span class='ocrx_word' id='word_1_205' title='bbox 0 0 1361 4770; x_wconf 95' lang='lat' dir='ltr'> </span> 
     </span>
    </p>
   </div>
  </div>
 </body>
</html>
