2654 4762
256 289 612 406 ,mamucrlo
644 291 815 376 Musul.
1011 317 1090 404 459·

25 476 93 554 alii
107 473 294 575 negotium
314 473 405 552 mihl
425 475 494 554 hac
518 475 557 550 in
576 497 617 550 re
637 474 813 552 fecilient
861 471 920 552 Ex
941 461 1096 576 Philoso-⁴

24 582 105 672 plu
119 587 242 650 tamen
258 576 416 650 Bormum
434 597 470 670 p.
482 597 517 670 7.
532 573 568 648 dt
585 597 667 671 291.
686 575 846 670 quatiam
861 573 933 650 huc
948 575 1086 652 facien·

26 673 106 766 tia,
131 671 331 748 summatim
358 672 528 750 adferam.

127 761 169 862 ι)
203 767 336 846 Herba
366 783 556 864 recentes,
598 767 810 866 tempestate
843 769 987 864 serena,
1016 791 1087 848 nec

26 889 114 944 rore
140 881 205 943 aut
225 867 352 964 pluvia
374 865 526 944 madidae
549 870 725 982 legantur.

126 957 170 1058 a)
193 965 318 1042 Partes
332 963 637 1060 hostilitatioms,
654 978 697 1040 ut
705 965 923 1062 principales
941 967 1089 1064 plante,

23 1064 234 1162 explicita,
256 1083 326 1138 nec
341 1062 601 1140 marcescentes
619 1063 708 1138 colli
732 1079 857 1158 annu,
881 1085 975 1162 opus
997 1063 1060 1140 est.

127 1153 172 1258 3)
195 1159 349 1254 Fulcra,
374 1161 507 1254 cirrhi,
531 1159 684 1257 stipulae,
708 1084 860 1236 {rauce
883 1185 961 1238 non
990 1161 1089 1238 aufe·

26 1258 177 1354 rendae,
201 1281 283 1336 cum
301 1259 411 1337 etiam
423 1259 478 1333 hae
496 1261 678 1334 naturales
694 1259 826 1354 plantae
847 1273 968 1356 partes
989 1279 1088 1358 egre·

27 1359 91 1458 gie
104 1358 149 1432 ad
164 1355 423 1456 dignoscendas
438 1354 575 1452 species
592 1357 811 1432 conducant.
862 1357 969 1437 Hanc
986 1379 1090 1454 regu-

28 1461 102 1532 lam
124 1456 290 1530 videmus
318 1453 438 1550 paffim
461 1469 607 1530 veteres
634 1452 839 1550 neglexill'e.

125 1545 172 1646 4)
197 1552 336 1628 Omnes
358 1554 490 1646 plante
519 1563 639 1648 partes
667 1549 861 1650 posaturam
889 1553 1090 1630 naturalem

30 1651 236 1743 retineant,
261 1671 332 1726 nec
355 1650 518 1726 flexione
547 1649 664 1725 aliena
686 1647 802 1748 figura
822 1647 1034 1748 adfingatur.

131 1741 177 1844 ς)
201 1745 378 1824 Siccanda
393 1745 445 1822 est
462 1749 585 1844 planta
602 1748 699 1822 inter
718 1747 859 1823 charos
876 1749 988 1840 albas,
1013 1767 1095 1826 non

36 1869 128 1924 uero
151 1849 250 1924 inter
278 1845 542 1940 emporeticas,
571 1845 707 1942 quippe
733 1867 811 1940 quae
839 1845 1093 1921 humiditatem

30 1945 169 2024 diutius
193 1943 408 2022 retinent&
426 1944 574 2018 herbam
598 1941 814 2020 decolorant
836 1943 1003 2040 turpiter.

129 2035 175 2138 6)
204 2045 292 2150 Quo
319 2041 475 2118 celerius
497 2041 627 2116 ficcata
648 2041 780 2134 merit,
803 2061 850 2116 eo
874 2041 1004 2116 melius
1030 2063 1093 2116 co-

30 2144 153 2218 lorem
175 2140 316 2227 servata
351 2139 490 2214 idcirco
516 2137 771 2214 Ruthenorum
794 2137 965 2214 Botanici
992 2137 1094 2214 ferro

31 2239 156 2316 calido
173 2239 406 2314 liccationem
425 2237 629 2312 accelerare
647 2235 903 2330 instituerunt,
931 2235 992 2330 qui
1006 2253 1095 2312 mos

31 2359 116 2414 non
127 2336 220 2411 adeo
233 2335 320 2412 ellat
332 2335 613 2430 improbandus,
637 2333 703 2410 nih
717 2334 791 2410 hoc
806 2332 891 2410 inde
905 2331 1096 2408 resultaret

31 2433 285 2528 incommodi,
313 2431 413 2528 quod
429 2431 652 2508 subtiliffimae
668 2445 790 2527 partes
805 2430 933 2528 postea
944 2427 1094 2507 difficul·

32 2547 94 2608 ter
115 2531 332 2624 trahentur,
357 2529 392 2606 u
408 2529 614 2628 egerrime,
641 2529 828 2626 liquando
845 2528 881 2604 id
901 2549 995 2624 opus
1015 2529 1095 2634 fue·

31 2631 111 2722 rit,
134 2627 266 2726 aperiri
284 2639 440 2723 queant,
466 2649 548 2706 cum
560 2649 625 2724 per
639 2627 796 2704 validam
814 2625 1097 2704 exficcationem
1251 2709 1254 2718 ,

31 2727 231 2804 reddantur
261 2725 435 2802 friabiles.
496 2727 575 2802 Ubi
598 2747 691 2802 vero
715 2727 848 2822 plante
878 2723 1096 2802 succulento

30 2823 193 2902 veniunt
213 2821 406 2917 necanda,
430 2823 663 2900 necessarium
680 2825 834 2920 omnino
855 2823 907 2898 est
923 2821 1096 2899 adhibere

26 2924 173 3000 ferrum
195 2921 374 3016 calidum,
400 2943 475 3017 quo
500 2921 686 3000 humidum
706 2935 937 3020 quantocyus
956 2919 1096 3017 diffipe-

25 3035 107 3114 tur,
125 3041 173 3096 ne
185 3021 324 3118 planta,
338 3019 532 3116 putredine
541 3033 736 3117 concepta,
754 3019 855 3094 foliis
868 3021 1068 3094 mutiletur.

132 3109 178 3212 7)
203 3117 336 3194 Herba
353 3117 405 3192 ita
419 3117 572 3213 liccatae,
593 3117 819 3194 obliniantur
836 3135 972 3214 aparte
991 3137 1100 3200 aver.

24 3215 70 3292 sa
92 3215 236 3312 glutine
257 3213 408 3312 tepido,
439 3215 572 3290 charte
595 3215 853 3311 imponantur,
877 3213 1098 3314 &pondere

23 3311 309 3408 adprimantur,
332 3333 447 3408 usque
473 3333 548 3410 quo
566 3315 691 3412 gluten
712 3313 757 3389 iit
778 3313 983 3392 arefastum.
1032 3315 1098 3393 Pa·

20 3423 136 3488 ratur
152 3424 274 3484 autern
289 3412 414 3508 gluten
428 3411 546 3486 hocce
556 3433 602 3488 ex
615 3411 881 3508 ichthyocolla,
899 3413 938 3490 in
950 3415 1040 3513 Spir.
1052 3417 1097 3497 V.

21 3507 163 3602 cotta,
193 3507 319 3584 addito
347 3509 511 3604 pauxillo
537 3511 690 3606 pulvere
717 3510 1101 3608 caryophyllorum&

18 3605 328 3700 colocynthidis,
348 3629 423 3702 quo
431 3604 561 3682 Tineae
573 3609 741 3686 hobam
753 3607 936 3686 vastantes
954 3631 1101 3687 arcean-

16 3719 105 3782 tur.
160 3703 240 3780 Alii
270 3705 406 3802 grunmi
430 3703 693 3804 Trrgacanthae
721 3719 874 3784 utuntur
898 3709 944 3786 ad
969 3709 1100 3784 herbas

14 3800 220 3902 figendam
249 3799 310 3878 sed
329 3801 424 3878 istud
443 3805 553 3878 nimis
570 3805 691 3886 debile
710 3803 803 3898 olle,
824 3806 975 3883 testatru
992 3827 1102 3902 expe·

15 3897 184 3982 rientia.
215 3897 294 3975 Alii
304 3899 573 3978 adduntAlodrr
586 3905 828 4000 pulveratam,
844 3916 977 4002 utpote
985 3903 1103 3980 acaris

16 3997 247 4092 inimicam3
271 3996 331 4074 sed
350 3999 427 4076 hec
448 3999 666 4106 inquiam&
682 3999 1082 4198 herbam&cha8r)tar&

1057 4121 1099 4178 u·
