2712 4770
314 211 547 315 raama·
578 179 834 312 norma.
1045 169 1117 344 ³29.
1179 233 1184 243 ·

61 417 97 495 ab
122 417 349 515 experientia
377 415 689 509 corroborentur,
722 437 816 511 opus
844 437 922 493 non
949 415 1103 515 habeat3

58 520 214 616 legesque
242 512 417 608 Diuinae,
455 515 585 608 quibus
620 517 832 589 continetur
863 529 1014 611 natura,
1042 522 1103 594 ei·
1140 577 1143 585 .

56 618 120 690 tius
143 639 188 688 ex
213 613 289 708 ipsa
315 611 562 708 experientia,
589 633 701 706 quam
728 616 995 708 praeconceptis
1021 621 1102 714 opi-

56 714 215 788 nionibus
236 710 474 785 deducantur.
525 711 666 784 Verum
691 711 788 786 enlm
808 733 924 805 vero,
951 715 1024 789 hoc
1047 741 1102 792 ar-

59 824 250 910 gumentum
283 809 392 884 nimis
423 827 593 904 magnum
616 809 706 900 else,
737 829 867 902 meque
893 811 937 885 de
965 813 1020 886 his
1044 839 1100 889 re·

60 911 122 982 bus
137 907 343 982 sententiam
364 906 460 982 ferre
483 928 561 980 non
582 907 735 998 audere,
758 907 887 982 lubens
911 911 1100 1006 conced03

64 1006 115 1080 sed
128 1007 324 1080 libertatem
342 1005 597 1080 tantummodo
621 1005 710 1080 mihi
735 1007 892 1099 expeto,
919 1013 1099 1105 exempla,
1230 1043 1235 1052 “

67 1103 393 1198 observationesque
421 1102 614 1197 quasdam,
652 1122 740 1198 quas
767 1101 869 1177 Nob.
900 1104 950 1178 D.
982 1107 1140 1190 Praese,

63 1199 107 1274 dis
131 1199 312 1314 auspicio,
350 1202 439 1276 mihi
463 1198 666 1296 perspettas
698 1199 848 1276 reddere
873 1205 981 1314 potui
992 1215 1013 1298 ,⁴
1038 1227 1100 1284 ex·
1206 1273 1209 1278 .

60 1321 190 1394 ponere.
538 1321 540 1324 ·

61 1477 256 1658 Veteres,
284 1501 606 1578 observationibus
628 1501 744 1578 adhuc
765 1525 843 1579 non
862 1501 945 1578 satis
964 1505 1097 1600 innixi,
1121 1523 1125 1540 ’

152 1617 283 1678 terram
319 1623 397 1680 nou
432 1600 547 1676 solum
581 1599 750 1697 Fungos,
785 1603 954 1696 Missos,
988 1615 1098 1698 atque

64 1696 173 1794 algas,
194 1723 327 1776 verum
353 1699 463 1774 etiam
479 1701 621 1774 Herbas
643 1719 684 1772 ac
707 1700 892 1792 Arbores,
918 1697 999 1774 casu
1021 1701 1097 1776 sor·

65 1796 160 1892 tuito,
180 1799 225 1873 ad
246 1801 349 1896 leges
374 1813 495 1872 tamen
520 1821 540 1870 a
561 1797 737 1872 Creatore
761 1800 799 1873 in
821 1797 1005 1894 principio
1029 1821 1097 1894 po·

61 1893 144 1989 fios,
170 1897 375 1992 producere
406 1895 658 1984 crediderunt3
687 1897 799 1971 immo
824 1893 979 1989 Infesta,
1011 1897 1096 1972 olia-

63 2012 118 2082 que
130 1993 379 2088 Animalcula,
404 1993 539 2070 etiamsr
556 1992 835 2068 artificiofillrme
853 1995 921 2068 srnt
944 2017 1096 2090 compo·

60 2087 128 2184 lita,
149 2108 187 2166 ut
204 2093 365 2168 maxima
385 2089 523 2166 seilicet
552 2091 591 2184 in
610 2091 769 2166 minimis
795 2095 937 2166 eluceat
957 2091 1096 2187 sapien·

61 2186 114 2280 tia,
134 2192 323 2285 putredine
346 2201 468 2264 tamen
490 2189 615 2264 eudem
640 2189 740 2264 exire
763 2190 1045 2266 contenderunt.

80 2401 82 2406 .
133 2327 268 2402 Verum
307 2325 408 2402 srmul
446 2339 554 2420 atque
591 2323 637 2398 ad
667 2323 912 2400 sublimiorem
945 2327 1095 2424 gradum

65 2423 169 2497 eveoae
194 2423 276 2500 sunt
300 2423 481 2516 scientiae,
515 2435 652 2496 naturae
681 2421 834 2520 vestigia
861 2425 1020 2498 exastius
1044 2427 1094 2500 ri·

60 2537 200 2616 mantes,
244 2521 427 2596 sexcentis
470 2519 788 2596 observationibus
834 2537 1092 2620 perceperunt,
1168 2569 1170 2576 ,

58 2621 220 2712 perpufilla
242 2621 311 2695 ista
331 2619 546 2694 animalcula
568 2619 713 2692 easdem
735 2641 822 2714 quas
843 2622 1002 2714 majora,
1025 2622 1092 2696 mi-

58 2715 279 2814 nutiffimaque
300 2717 524 2814 vegetabilia
539 2717 683 2790 easdem
709 2739 797 2812 quas
814 2719 992 2812 Arbores,
1022 2719 1091 2795 ser-

57 2833 127 2890 vare
153 2819 258 2914 leges.
310 2815 492 2910 Adeoque
522 2815 736 2890 immortalis
765 2815 926 2891 Horoeus
954 2817 1091 2894 verita·

57 2921 133 3006 tem,
154 2929 258 2991 antea
283 2918 357 3011 Jam
382 2900 590 3004 fturdatam,
617 2937 658 2987 ac
677 2913 917 3010 inposterum
942 2912 1090 3010 quoque

58 3029 325 3124 permanentem,
349 3013 444 3088 hanc
464 3011 655 3087 constituit
675 3012 823 3107 palladii
847 3010 974 3089 instar:
992 3039 1090 3122 &unm

57 3125 202 3187 mutuum
222 3121 340 3188 vium
363 3136 402 3186 ex
430 3133 500 3185 ouo.

133 3225 207 3301 Pari
232 3249 380 3325 quoque
404 3227 516 3302 modo
541 3225 723 3322 sequentis
744 3227 922 3323 temporis
943 3225 1096 3326 impigri

58 3316 247 3402 snutatores
267 3340 502 3422 repererunt,
528 3327 666 3400 nullmn
692 3347 805 3410 ovtun
828 3323 983 3420 speciem
997 3350 1087 3422 pro-v

58 3437 187 3515 pagare,
212 3439 404 3519 antequam
424 3445 445 3497 a
470 3422 629 3498 masculo
656 3423 902 3521 ioecundatum
924 3425 987 3516 srt;
1013 3425 1087 3500 Ge·

58 3515 258 3617 uiuuamque
281 3525 388 3618 hujus
418 3545 519 3616 aque
545 3521 776 3596 necessariam
799 3522 843 3596 od
868 3523 961 3598 novi
994 3523 1088 3604 indi·
1195 3579 1197 3584 .

60 3613 141 3688 vidui
156 3621 441 3713 produblionem,
469 3643 512 3695 ac
534 3643 650 3694 ovum
665 3619 779 3715 ipsum
795 3619 889 3713 esse,
913 3643 991 3715 quae
1011 3621 1088 3696 duo

63 3715 255 3806 majurum
281 3720 408 3794 foeuum
438 3719 503 3794 fibi
529 3719 744 3794 simillimum
772 3733 989 3815 propagant.

134 3829 319 3911 Novissimi
335 3839 505 3932 denique,
529 3859 611 3912 cum
630 3839 669 3913 in
686 3835 824 3932 Hydria
838 3833 990 3929 Polypis
1008 3831 1097 3906 vul·

66 3934 100 4014 ΕΟ
120 3926 230 4030 distis,
260 3937 372 4014 oculo
398 3950 537 4013 armato
563 3936 737 4014 viderent
758 3935 843 4010 illos
866 3935 933 4010 vel
956 3943 1108 4106 nanus.
