2568 4764
242 227 315 307 186
400 217 605 296 ODORES
636 220 1191 302 MEDICAMENTORUM.

238 399 384 490 hendo,
408 400 592 474 contraria
619 401 708 474 iicet
732 403 986 494 observemus,
1017 405 1116 479 dum
1142 406 1282 498 imprin

108 585 110 590 .
239 502 285 573 de
301 499 420 594 regnis
447 498 591 572 animali
611 498 859 594 &vegetabili
884 504 1086 595 loquimur.
1149 503 1217 576 De
1240 505 1282 598 iar

242 599 369 688 dibus,
396 597 456 690 qui
483 597 686 670 nobiliores
711 598 771 671 seu
789 599 951 674 Gemmae
976 600 1170 691 audiunt,
1201 601 1282 674 nese

241 694 327 790 quid
353 694 471 768 divini
503 695 648 768 credula
675 695 736 768 illa
759 697 919 771 vetustas
945 698 1008 771 fibi
1033 721 1125 772 non
1156 697 1282 772 finxer

240 816 307 867 eos
340 795 378 866 in
406 792 566 866 hominis
596 794 731 884 corde,
764 795 906 888 capite,
940 795 1184 889 reliquisque
1216 820 1282 870 mer

239 893 315 966 bris
341 892 533 987 plurimum
551 891 674 963 valere
693 891 910 967 existimans.
962 893 1147 987 Sed-haec
1173 894 1280 988 opini

240 1013 328 1066 num
355 1001 561 1063 commenta
589 989 727 1062 delevit
759 990 856 1077 dies3
890 1013 958 1064 nec
983 991 1154 1085 amplius
1182 995 1282 1085 plant

239 1113 319 1164 rum
342 1086 640 1180 Asperisoliarum
661 1087 816 1161 virtutes
843 1090 1044 1179 cordiales‚
1074 1090 1122 1162 in
1147 1089 1282 1162 Medio

239 1211 318 1261 rum
352 1199 518 1258 veterum
550 1182 690 1278 scriptis
722 1185 853 1258 millies
889 1189 1135 1277 exclamant,
1175 1189 1282 1260 valen

239 1285 298 1364 sed
321 1285 450 1359 effoetae
475 1305 557 1356 cum
581 1283 690 1356 tineis
712 1297 854 1358 certant
874 1284 912 1358 in
932 1285 1282 1381 Pharmacopoeorrr

238 1384 448 1484 pyxidibus.
555 1449 559 1460 .

338 1576 692 1650 Medicamentorum
707 1577 847 1651 viribus
868 1577 1189 1653 Mechanicorum
1213 1575 1271 1650 ind

237 1678 344 1768 stria,
378 1675 484 1767 idque
508 1674 691 1749 beneficio
716 1675 875 1770 saporis,
907 1678 1049 1774 egregie
1079 1674 1282 1750 demonstra

237 1778 307 1865 tis,
346 1775 567 1846 invenerunt
598 1773 736 1846 Medici
771 1772 860 1867 saepe
885 1773 980 1847 inter
1011 1776 1116 1866 duo,
1147 1773 1282 1868 ejusder

238 1875 327 1948 licet
345 1870 502 1964 saporis,
526 1872 678 1943 muitum
695 1883 816 1944 tamen
838 1873 958 1964 quoad
983 1873 1164 1946 effedbum
1192 1869 1282 1944 obser

237 1971 317 2044 vari
345 1967 568 2042 discriminis.
622 1969 734 2071 Quod
760 1970 832 2043 fine
853 1969 965 2042 dubio
993 1993 1038 2044 ex
1064 1994 1116 2044 eo
1139 1969 1282 2043 derivari

239 2070 346 2158 dum,
382 2063 480 2160 quod
509 2066 680 2159 pleraque
711 2066 871 2160 eJusdem
903 2068 1029 2143 odoris
1061 2061 1282 2142 similitersa

238 2167 364 2264 piant3
399 2177 435 2236 at
461 2185 538 2236 non
564 2164 709 2253 omnia,
744 2188 821 2257 quae
851 2166 1004 2239 eundem
1031 2168 1180 2240 habent
1207 2163 1282 2254 sapo

236 2288 333 2354 rem,
361 2260 437 2358 ipso
463 2261 579 2334 odore
595 2263 836 2336 conveniunt.
889 2266 1011 2368 Quare
1028 2265 1129 2338 odor
1148 2262 1202 2336 est
1216 2279 1282 2354 pre

237 2365 393 2457 cipuum.
410 2359 519 2450 illud,
553 2359 651 2451 quod
676 2372 814 2434 tantam
841 2361 878 2434 in
902 2362 1186 2436 medicamentis
1212 2359 1281 2449 eius·

237 2461 318 2534 dem
344 2457 486 2556 generis
508 2457 750 2531 differentiam
774 2454 887 2550 facit,
912 2459 946 2532 dt
970 2462 1071 2552 cujus
1096 2457 1281 2532 confidere

237 2561 343 2634 tione
363 2557 530 2631 Materia
551 2556 708 2629 Medicae
727 2559 879 2632 multum
899 2558 991 2631 lucis
1012 2557 1228 2632 affunditur.

335 2751 370 2824 Si
403 2773 512 2840 vera,
545 2765 644 2824 certa
673 2751 707 2824 ἃ
734 2750 938 2827 indubitata
965 2755 1009 2828 de
1034 2743 1277 2829 Neruormuin

235 2873 394 2946 corpore
418 2852 577 2924 humano
605 2849 853 2924 fundtionibus
887 2853 995 2926 nobis
1025 2852 1114 2926 esset
1141 2843 1277 2928 theoria,

235 2953 351 3024 musto
387 2947 532 3021 facilior
561 2947 660 3020 foret
692 2948 846 3022 odorum
878 2948 1038 3024 scientia.
1110 2949 1167 3024 At
1194 2951 1279 3046 cestu

234 3071 311 3126 non
333 3049 417 3120 dum
445 3045 640 3135 novimus,
669 3069 713 3119 an
740 3047 871 3122 horum
893 3047 986 3121 attio
1009 3047 1074 3123 fiat
1098 3069 1167 3142 per
1189 3042 1274 3130 siqu·

232 3149 318 3221 dum
347 3144 528 3240 quoddam
564 3142 691 3215 subtile
717 3166 915 3233 nervuum,
953 3146 1052 3238 quod
1078 3145 1193 3220 unico
1215 3153 1274 3240 tuq·

232 3261 359 3320 mento
377 3267 397 3316 a
418 3242 481 3315 suo
506 3240 691 3334 principio
706 3242 748 3313 ad
766 3244 1013 3316 extremitates
1032 3245 1178 3317 illorum
1193 3232 1272 3308 vein·

231 3359 313 3434 tur,
345 3343 405 3413 vel
427 3363 471 3412 an
494 3352 616 3411 motus
644 3339 787 3431 quidam
811 3343 983 3414 tremulus
1007 3343 1044 3414 in
1069 3343 1142 3414 illis
1165 3334 1273 3438 sstem

231 3439 400 3516 nonnulli
435 3435 663 3526 existimant,
701 3439 762 3508 vel
793 3460 838 3510 an
868 3439 1090 3511 irritabilitas
1118 3450 1160 3511 ut
1184 3441 1271 3532 untsss

231 3539 267 3611 u
290 3536 465 3609 sufficiens
490 3531 605 3607 caussa
629 3534 671 3607 fit
693 3534 938 3628 agnoscenda,
963 3551 1005 3609 ut
1029 3537 1121 3610 nihil
1142 3535 1209 3628 jam
1231 3519 1269 3592 dl·

232 3657 310 3712 cam
340 3633 384 3705 de
413 3631 660 3706 recentiorum
690 3633 728 3703 vi
759 3633 925 3708 eleurica
956 3634 1144 3707 sententia.
1192 3627 1265 3726 Quae

231 3756 314 3808 cum
336 3733 387 3802 ita
405 3730 494 3818 sint,
521 3728 613 3801 nihii
635 3731 709 3821 jam
732 3729 908 3823 superest,
938 3755 1043 3825 quam
1072 3745 1114 3804 ut
1135 3751 1154 3802 a
1172 3715 1266 3819 poste·

229 3830 321 3908 riori
335 3828 583 3920 experiamur,
608 3829 750 3920 qualem
764 3828 931 3905 effectum
953 3831 993 3906 in
1014 3850 1147 3924 corpus
1165 3823 1276 3906 huffls‘}

228 3951 317 4006 num
340 3926 435 4001 odor
454 3927 598 4001 habeat.

445 4019 447 4028 '
1141 4018 1257 4094 cerua
