2568 4764
130 207 319 346 onoREs
349 265 879 349 smmcnmsu‘rorun.
954 281 1026 368 ιε,

26 447 58 522 iii
73 469 149 522 vero
177 447 347 544 expansos
372 448 453 524 aliis
478 461 665 544 utcunque
694 449 838 526 demum
862 448 1027 545 partibus

24 543 134 636 infixos,
155 545 244 620 haud
266 547 429 624 aliterue
445 545 536 622 radii
556 547 594 620 in
616 547 688 622 tela
708 569 930 624 araneunun.

83 643 192 718 Variis
212 643 345 720 casibus
368 665 412 720 ee
432 643 647 736 didicimus,
671 667 751 739 quc
767 645 853 722 huic
874 647 928 720 rei
946 645 1026 720 illu·

18 739 125 814 bande
142 741 393 835 aliquomodo
416 741 631 818 inserviunt.
666 743 738 818 Vir
761 742 851 834 iste,
876 743 938 838 qui
953 765 1028 818 ma·

18 857 89 930 gum
106 853 237 932 partem
251 839 368 916 cranii
385 839 520 932 uuilit,
544 837 704 936 semper,
730 841 815 914 dum
839 840 1028 916 cerebrum

20 933 102 1028 digitis
125 938 448 1032 comprimebam,
479 939 517 1010 in
551 935 715 1014 somnum
750 937 901 1030 incidit,
931 937 1029 1032 quui

25 1033 247 1110 collabeseentia
278 1035 445 1126 cerebri,
479 1033 597 1110 mulia
627 1035 744 1110 somni
770 1035 1028 1112 &debilitatis

30 1127 87 1202 eset
120 1129 216 1208 Dum
232 1133 294 1208 ilie
313 1133 415 1230 gravi
440 1132 593 1226 quadam
611 1133 688 1208 ruffi
703 1133 942 1230 affligeretur,
968 1149 1027 1208 ce·

27 1227 119 1304 turm
146 1245 249 1306 extra
281 1231 445 1306 mnium
478 1231 633 1326 expandi
666 1231 948 1324 observabatur,
964 1249 1029 1312 ex

25 1343 70 1414 quo
91 1329 266 1404 cerebrum
289 1349 489 1404 navorum
513 1343 619 1404 motu
641 1327 844 1426 turgescere
866 1329 1026 1406 videtur.

23 1417 80 1496 lun
105 1447 189 1500 vero
228 1425 441 1504 Anatomici
485 1425 734 1502 demonstrent
775 1447 1029 1523 quemcunque

24 1539 127 1596 urum
146 1523 339 1600 substantia
361 1525 501 1602 cerebri
516 1523 640 1598 menin
666 1525 924 1600 ecircumdata
938 1545 1027 1600 con·

22 1613 113 1724 llere,
134 1621 281 1696 veritati
298 1619 581 1698 consentaneum
594 1545 801 1716 videretur,
826 1621 1028 1720 turgescen-

21 1726 75 1788 um
97 1721 191 1794 nervi
222 1719 385 1796 ustiones
415 1719 513 1794 illius
546 1719 776 1816 produceree
811 1743 877 1796 cur
907 1733 1030 1796 autem

25 1811 82 1885 olla
99 1815 251 1910 intrent,
276 1817 341 1893 ubi
360 1817 485 1892 omnia
510 1817 579 1894 alia
598 1817 859 1912 excluduntur,
886 1817 1029 1896 altioris

25 1905 221 2016 tibdaginis
241 1915 442 2010 &majoris
464 1913 695 2010 subtilitatis,
725 1935 830 2012 quam
851 1929 893 1992 ut
915 1939 936 1990 a
959 1939 1028 1994 no-

24 2003 57 2077 lu
74 2027 166 2102 queat
193 2013 368 2106 enodari,
400 2033 491 2108 pure
523 2013 662 2090 idcirco
692 2013 907 2091 theoreticis
939 2013 1031 2090 illud

21 2101 94 2194 ipsum
119 2109 379 2186 discutiendum
412 2111 663 2206 relinquimus.
724 2113 810 2188 Hoc
839 2133 934 2206 opus
967 2113 1032 2188 bic

22 2197 132 2282 laborm
147 2209 314 2305 praesenti
339 2207 493 2306 negotio
519 2209 609 2286 mibi
634 2209 726 2302 erit,
749 2221 793 2286 ut
813 2209 914 2284 illum
940 2208 1030 2286 eise·

25 2294 94 2396 dun,
115 2329 219 2401 quem
247 2305 340 2382 certi
369 2305 503 2386 odores
531 2306 754 2404 incorpore
783 2307 943 2384 bumeno
967 2306 1029 2382 ha·

27 2391 88 2492 but,
108 2405 297 2502 explicem.

436 2545 472 2636 q.
521 2539 570 2616 11.

77 2655 285 2754 Spirituosa,
308 2683 389 2758 quc
407 2661 484 2738 vim
506 2663 603 2740 suam
628 2663 666 2740 iu
686 2685 824 2742 nervos
846 2659 1029 2762 exserunt,

19 2756 161 2858 pecularis
194 2755 275 2834 sunt
303 2757 439 2836 indolis
468 2775 577 2856 etque
605 2777 765 2854 nemrae,
804 2763 838 2837 ἃ
868 2759 1031 2840 diversus

19 2847 54 2920 lle
72 2853 208 2934 effeetus
227 2857 345 2932 oritur
361 2859 407 2932 ab
423 2857 503 2952 his,
526 2873 639 2954 prout
660 2856 753 2935 dous
777 2859 889 2936 fuerit
911 2863 1030 2954 major

19 2947 54 3017 iel
73 2951 192 3029 minor.
243 2953 282 3028 Si
307 2955 552 3032 admirandam
578 2958 718 3032 hancce
746 2957 920 3032 examino
950 2959 1032 3036 vim

19 3042 197 3142 nsuhjeffis
228 3051 378 3128 diverse
409 3055 549 3148 estatis,
579 3053 899 3152 lUVENTUTE
922 3055 1030 3130 nimi·

19 3145 117 3218 uu&
146 3147 476 3246 SENECTUTE,
513 3155 639 3250 paullo
668 3153 861 3226 clariorem
885 3151 931 3228 de
960 3155 1031 3228 hac

19 3235 94 3316 deam
116 3247 201 3321 mihi
225 3245 384 3324 sonuere
411 3249 556 3326 videor.
599 3249 930 3344 ,Comparationem
962 3251 1029 3341 itass

19 3353 57 3422 lle
76 3339 161 3417 inter
177 3345 281 3420 basce
299 3359 424 3423 aetates
444 3347 566 3424 iacere
586 3349 701 3442 volo,
726 3345 912 3424 &deiude
933 3347 1031 3424 inter

19 3427 66 3508 llas
80 3441 109 3512 dr
122 3439 357 3536 spirituosum.
408 3443 471 3522 Ad
490 3447 589 3542 quod
600 3445 783 3542 precipue
800 3467 869 3540 pro
891 3447 1031 3524 auxilio

20 3541 70 3604 lior
86 3537 246 3636 Frmcifti
264 3543 403 3618 Boeotis
427 3546 465 3618 de
493 3543 679 3622 Verulamio
691 3539 911 3620 Discrimine
935 3545 1032 3634 inies

20 3619 209 3712 iuventutem
225 3637 261 3712 dc
275 3637 516 3720 Senectutem.

20 3831 34 3856 N
65 3843 71 3858 ,
160 3751 296 3868 Juueni
733 3757 811 3832 Soti

20 3849 209 3950 inuelem,
236 3855 344 3954 plene
513 3853 618 3932 Cutis
639 3851 753 3946 aride,
774 3853 917 3952 rugosa,
941 3865 1035 3950 pre-j

557 3951 682 4042 sertim
699 3952 744 4032 ad
763 3951 973 4124 frontem-c
1015 4031 1021 4042 .
