2568 4764
91 3898 138 3946 φὶ

252 257 323 346 236
627 249 718 328 ¹CUI
748 251 924 330 BONO?

249 426 483 504 namralibus.
541 431 736 505 Venerunt
766 451 912 524 quoque
935 432 980 504 ad
1005 431 1166 521 Lunam,
1194 439 1276 524 proi.¹

250 525 306 600 sus
329 526 537 622 defatigati,
565 528 627 601 ubi
654 528 829 602 Palatium
858 530 996 622 optime
1018 528 1220 602 inlbuihim
1236 529 1276 602 in

249 636 452 713 venerunt,
493 625 531 699 in
562 647 635 718 quo
673 624 949 719 hospitarentur.
1020 625 1215 714 Postridie,
1242 645 1276 696 er

250 719 382 796 itinere
418 721 625 818 defatigati,
667 723 710 794 ad
744 721 854 796 serani
889 716 1089 805 meridiem,
1109 723 1149 798 in
1178 721 1276 814 quiete

249 816 473 912 manserunt,
498 819 628 892 &tum
646 819 761 894 adhuc
785 819 943 911 debiles,
970 821 1040 894 sese
1063 839 1224 895 recreare
1237 816 1277 889 in·

250 915 392 1010 cipiunt
411 917 526 1008 epulis
546 913 818 1008 delicatissimis,
852 939 929 1011 quae
955 919 1039 991 illis·
1055 912 1278 1012 jucundiffine

249 1027 328 1086 tuin
351 1010 556 1106 sapiebant,
588 1015 682 1088 unde
707 1018 816 1088 etiam
838 1015 945 1088 nimis
974 1016 1181 1109 capiebant.
1226 1010 1276 1084 Per

248 1108 421 1186 fenestras
458 1109 571 1186 solum
608 1113 680 1186 hoc
711 1112 770 1185 die
803 1112 1038 1207 respexerunt
1075 1113 1276 1203 incompara-

248 1209 359 1282 bilem
388 1205 525 1282 hancce
556 1221 707 1299 terram,
733 1209 885 1282 floribus
914 1208 1169 1303 pretiosissimis
1194 1225 1274 1278 oma-

248 1318 344 1398 tam,
381 1305 442 1398 qui
473 1303 538 1380 soli
572 1308 713 1380 obversi
738 1307 846 1380 valde
874 1306 1124 1400 coruscabant.
1186 1299 1270 1378 itud

248 1416 383 1479 verunt
407 1425 551 1497 quoque
580 1404 731 1501 insignes
757 1405 879 1478 avium
900 1406 1129 1500 garrulorum
1157 1411 1270 1484 canan

247 1499 424 1576 adseram
447 1499 642 1596 vesperam.
693 1502 823 1586 Altero
852 1501 912 1574 die
935 1517 1075 1574 matiiie
1106 1495 1271 1603 admodum

248 1599 476 1675 surrexerunt
500 1619 521 1672 e
546 1599 686 1688 lestis,
709 1613 751 1672 ut
782 1598 1056 1674 observationes
1092 1597 1171 1674 suas
1199 1590 1273 1668 111111·

247 1707 414 1784 tuerent,
439 1693 497 1769 sed
522 1709 599 1771 tuin
623 1695 784 1792 regionis
809 1696 915 1790 hujus
947 1697 1076 1791 puellae
1102 1693 1271 1790 pulchem·

245 1815 313 1870 ma
352 1791 436 1864 illos
472 1793 638 1867 invisurae
670 1808 871 1885 venerunt,
919 1793 1075 1887 illosque
1109 1799 1272 1887 rogantis

246 1903 289 1964 ut
314 1888 468 1984 primuni
500 1889 535 1964 se
559 1890 828 1981 refocillarent,
862 1913 908 1964 eii
935 1889 1182 1964 delicatiffimo
1208 1883 1272 1990 cinq

247 1989 418 2081 &potu,
459 1987 628 2081 viresque
666 1988 907 2084 colligerent,
946 2002 1147 2082 antequam
1180 1983 1271 2058 labori

246 2083 400 2160 molesto
428 2083 462 2157 se
484 2099 722 2179 exponerent.
775 2083 885 2158 Cibus
908 2085 968 2159 hic
991 2085 1187 2179 opiparus,
1207 2077 1271 2150 vini

246 2181 438 2257 admodum
465 2181 603 2274 dulcia,
628 2183 663 2256 dt
685 2179 853 2256 venustas
877 2183 1001 2256 haruin
1025 2182 1205 2276 virginum
1224 2175 1270 2248 110

245 2279 353 2376 spites
378 2281 445 2352 hos
473 2278 637 2354 Sirenum
671 2279 780 2353 instar
811 2280 1013 2373 capiebant.
1082 2277 1269 2384 Concenttls

244 2379 395 2454 musicus
427 2377 608 2470 eleganter
640 2377 859 2470 compositus
889 2376 958 2451 sese
990 2375 1268 2460 insmuavit31u·

243 2477 368 2552 niores
396 2472 520 2546 saltare
548 2473 749 2568 incipiunt,
774 2473 807 2568 dt
828 2473 960 2569 gaudio
981 2473 1109 2565 adfici,
1136 2471 1220 2546 adeo
1240 2473 1268 2534 ts

244 2586 325 2646 tota
351 2569 427 2644 dies
457 2570 493 2644 in
518 2571 797 2646 conversatione
824 2591 906 2644 cum
932 2570 1136 2667 virginibus
1164 2567 1264 2672 histt

244 2683 405 2758 teretur,
437 2689 550 2760 usque
576 2669 659 2742 dum
685 2668 761 2758 illi,
790 2668 851 2761 qui
875 2668 914 2744 in
936 2668 1260 2766 contignationem

243 2765 370 2842 feriori
401 2763 631 2855 habitarunt,
673 2764 916 2858 superioribus
947 2765 1103 2838 delicate
1136 2764 1263 2836 vivere

243 2865 310 2938 bus
344 2861 485 2952 invidi,
525 2860 653 2936 stridis
675 2862 801 2958 gladiis
841 2860 1118 2954 adscenderent,
1157 2869 1264 2952 aquid

241 2959 443 3054 justumque
469 2959 648 3053 partituri.
706 2957 873 3034 lrritatos
897 2960 965 3033 hos
993 2960 1264 3052 reprimerent·

242 3059 368 3132 tabant
407 3069 512 3132 aetate
547 3055 823 3149 provediores,
870 3057 1155 3150 promittentes,
1195 3037 1266 3146 quod

239 3154 445 3254 postridie,
495 3167 687 3246 antequam
735 3153 871 3246 aliquid
912 3153 986 3227 sibi⁴
1021 3155 1266 3247 proponeretis

239 3267 317 3328 reni
362 3253 500 3326 hancce
551 3248 751 3323 formaliter
790 3250 828 3324 in
873 3250 1049 3343 judiciuin
1099 3250 1266 3348 ducerent,

241 3350 505 3442 explorarent,
557 3346 867 3440 dijudicarentque
888 3339 951 3420 'ad
1000 3368 1149 3422 omnem
1195 3335 1267 3446 iuffi·

240 3447 339 3520 tiam.
403 3443 515 3617 (ἰυοά
552 3443 660 3518 etiam
693 3443 835 3517 effectui
877 3445 999 3518 datum
1034 3443 1098 3518 est.
1168 3441 1266 3518 Ταῦ*

239 3541 298 3614 die
339 3541 382 3614 lis
454 3565 505 3620 aec
541 3541 784 3614 consideratur
820 3555 928 3636 atque
967 3525 1267 3640 componitur&

239 3653 317 3712 tuin
352 3639 622 3728 accusationes,
656 3636 854 3730 instantiae,
888 3639 1130 3732 exceptiones
1148 3639 1181 3712 &
1198 3625 1266 3729 jud·

237 3735 334 3810 cium
360 3733 470 3830 ipsum
506 3735 590 3807 illos
617 3745 774 3828 occupat
798 3756 863 3828 per
898 3748 1018 3809 totuin
1054 3737 1152 3810 diem
1181 3741 1265 3819 mque

238 3833 323 3910 dum
357 3833 485 3906 celeris
517 3831 635 3906 abitus
663 3830 817 3906 edietum
842 3834 1105 3928 promulgatur.
1157 3831 1264 3906 Rever-

238 3930 295 4006 sos
324 3929 488 4026 jambos
519 3929 558 4004 in
581 3926 782 4020 Graciam,
827 3941 908 4004 tota
938 3929 1016 4004 fere
1043 3930 1164 4027 Regio
1189 3917 1263 4082 adius}
