2680 4770
247 259 295 337 γε
462 230 770 315 ousrreuru
803 190 1092 314 irroremur.

325 415 425 488 lieris,
454 417 567 496 Piperr‘s
588 412 694 495 frede
723 415 816 476 utitur
848 415 977 490 vulgus,
1005 416 1036 476 in
1067 412 1160 472 acutis
1190 404 1321 484 quidem

327 498 404 567 saepe
430 515 604 570 perperam,
631 498 661 556 in
686 496 946 564 exanthematieir,
969 497 1058 555 certis
1081 491 1133 552 sub
1159 489 1321 550 conditio·

317 580 434 648 bibus,
456 575 612 640 rediffime.
661 573 760 653 Musei
783 576 929 636 cumatilis
950 577 987 637 ad
1011 573 1136 646 aphthes
1160 571 1244 632 usum
1271 586 1321 630 ru·

325 660 392 720 stiei
408 661 595 728 indicarunt,
620 675 753 717 cenorum
778 655 880 736 Lupuir'
902 659 938 715 ed
965 659 1152 725 luxationes,
1183 668 1218 711 ee
1249 651 1321 711 ‘ire-

327 736 415 799 mua
443 741 611 818 juniperinae
645 738 681 796 ad
718 737 840 796 dolores
880 735 1049 797 arthriticus
1088 734 1175 796 fixos.
1237 729 1321 792 Anu*

324 821 466 880 masticari
484 820 627 880 foetorem
648 817 810 877 insentibus
822 858 832 889 ‚
860 820 894 876 ed
910 820 1037 877 tormine
1059 815 1205 886 sedanda,
1228 811 1321 885 inspi·

323 914 407 972 rant,
430 902 480 960 uei
507 898 661 960 contusum
685 900 827 959 umbilico
853 897 1062 972 epirhemrthie
1087 896 1180 955 modo
1211 894 1321 954 admo·

330 995 415 1045 vent.

353 1108 408 1173 14.
435 1085 609 1175 Negemus
635 1089 787 1156 itinerum
814 1099 907 1156 extra
932 1084 1118 1251 Emptum,
1151 1099 1232 1171 quae
1257 1099 1321 1150 co·

249 1183 347 1282 piam
369 1179 684 1276 peregrinantibus
714 1180 853 1252 faciunt
872 1178 1007 1260 noscen
1034 1179 1045 1250 i
1073 1175 1321 1250 medicamen-

249 1292 307 1364 ta„
345 1279 481 1353 exteris
510 1279 678 1372 gentibus
711 1277 910 1350 familiaria.
964 1279 1052 1350 Haec
1080 1277 1179 1349 enim
1206 1274 1321 1346 vela

250 1377 421 1454 Barbaris
445 1373 604 1448 didicisse
630 1377 745 1465 juvat.

293 1489 426 1552 Herium
452 1489 654 1551 Britannicam
676 1493 711 1550 ad
733 1490 894 1562 cacoerbe,
916 1487 1099 1551 Morardane
1122 1490 1152 1549 in
1171 1488 1321 1549 intermit·

334 1574 483 1640 tentibus,
507 1568 708 1646 Celliusom'am
733 1574 762 1632 in
784 1575 880 1631 eolice
902 1587 1132 1643 puerperarum,
1155 1565 1321 1641 Lobeiiam,

336 1650 530 1720 canorum,
554 1649 736 1712 Dierviilam
752 1655 781 1712 in
798 1652 977 1732 syphilitide‚
1000 1650 1177 1731 Senegam&
1189 1647 1321 1730 Ophior-

331 1729 447 1794 rbieam
464 1745 569 1791 eontra
589 1734 662 1791 idue
681 1733 844 1808 serpentum
862 1732 891 1794 ὄι
909 1734 1004 1790 febres
1022 1732 1210 1808 phlogisticee
1232 1729 1321 1803 phar·

332 1829 416 1874 mace
440 1814 563 1872 eximia!
583 1812 662 1872 haud
679 1817 720 1873 ite
735 1817 847 1886 pridem
872 1815 958 1872 nobie
984 1815 1154 1884 iudicarunt
1167 1811 1321 1876 Boranici.

334 1895 386 1972 qui
412 1893 575 1952 Americem
600 1895 818 1967 perlustrerunt.
866 1893 1121 1973 Ceryopbytlatam
1146 1892 1321 1972 aquaticae

333 1975 546 2034 suceedeneum
568 1973 654 2034 Corr.
674 1976 779 2035 Chium
796 1995 812 2035 a
829 1973 1046 2034 Canrdensrbus
1065 1973 1183 2039 haberi,
1208 1987 1321 2044 nuper·

333 2058 406 2116 rime
426 2056 514 2113 uubis
539 2056 662 2115 tradidit
682 2059 776 2121 celeb.
803 2057 946 2116 Kalmius.
991 2052 1200 2134 Seropbuierr‘a
1226 2068 1320 2133 aqua·

267 2141 271 2150 '
334 2137 418 2208 tica,
440 2137 565 2194 sennam
595 2140 767 2214 corrigens,
799 2137 907 2198 Cortex
929 2135 1113 2198 Peruvianus
1129 2130 1189 2196 &m
1215 2137 1321 2193 aber·

266 2239 271 2248 ·
334 2218 414 2278 beris
433 2218 659 2283 communicem.

357 2361 412 2432 15.
450 2339 637 2439 Intermiffiu
671 2349 809 2419 lectionis
842 2345 1033 2438 scriptorum
1066 2345 1318 2432 Botrnicorum,

256 2435 453 2534 praesertim
478 2461 629 2530 eorum,
656 2443 716 2534 qui
745 2441 943 2516 novissimis
967 2438 1062 2514 hisce
1089 2441 1320 2533 temporibus

257 2534 453 2612 fideliffimu
487 2538 732 2629 exposuerunt
763 2561 827 2630 ea,
865 2564 942 2632 quae
975 2537 1183 2626 certiffime,
1220 2539 1258 2610 h.
1286 2561 1316 2610 e.

258 2654 325 2730 per
348 2633 610 2726 experiendam
634 2635 678 2709 de
698 2637 837 2710 viribus
863 2640 1062 2730 plumarum
1087 2635 1270 2708 constant.

299 2737 479 2820 Hujus'modi
508 2749 571 2808 sunt
591 2747 725 2824 Rheede,
747 2751 872 2826 Sloane,
902 2750 1025 2816 Fruilile
1047 2755 1105 2820 dte.
1163 2750 1270 2812 coreas
1290 2749 1318 2808 iu

341 2829 390 2887 lue
413 2844 538 2886 venerea
557 2833 621 2890 usus
645 2835 787 2905 plurimos
811 2837 908 2908 fugit,
936 2837 986 2910 qui
1010 2832 1154 2896 Sbarvium
1178 2834 1319 2905 superer

340 2925 372 2970 re
393 2927 452 2968 nun
481 2911 630 2976 viderunt.
697 2915 831 2994 Stipieum
866 2915 1047 2975 Dulcemare
1077 2917 1120 2974 vis
1151 2913 1316 2988 sauguinem

341 2989 551 3050 mundificandi
575 2994 677 3065 latuit,
705 3011 800 3070 usque
825 2997 893 3054 dum
920 2995 956 3057 N.
974 2996 1010 3057 D.
1030 2996 1115 3059 Praes.
1138 2995 1199 3068 ejus
1220 2995 1318 3052 decb·

343 3072 655 3145 autumantium,
678 3089 761 3135 autea
782 3079 857 3150 eujm
882 3075 1125 3149 Phrrmecopolae
1144 3078 1245 3133 sumni
1272 3090 1318 3132 au·

343 3153 393 3210 uui
411 3151 531 3211 herbam
546 3157 595 3212 vel
611 3157 796 3217 Duicamerae
814 3159 886 3216 folia
904 3157 1073 3222 exhibuere.
1116 3156 1210 3228 Huius
1223 3169 1318 3214 autem

344 3236 423 3291 vires
450 3238 581 3308 egregias
612 3253 771 3310 percepere
799 3241 903 3311 pauci,
938 3255 1005 3298 cum
1031 3237 1092 3296 fere
1118 3239 1191 3296 iufra
1217 3237 1318 3310 justam

345 3313 427 3372 dofin
447 3314 545 3374 adhue
561 3317 780 3382 substituimus.
823 3319 932 3379 Ononis
956 3336 1022 3378 raro
1040 3319 1210 3390 usurpetur,
1237 3315 1317 3392 quod

343 3393 456 3454 Medici
475 3412 536 3454 nou
555 3397 722 3460 didicerunt
740 3417 756 3458 a
773 3401 906 3472 Seyllero
924 3401 1063 3458 virtutem
1082 3400 1144 3474 ejus
1157 3399 1193 3456 ad
1209 3398 1317 3458 febrem

343 3474 541 3548 hungericem.
588 3478 733 3560 Onopordi
756 3480 791 3538 ed
813 3497 949 3541 cancrum
973 3481 1052 3538 urum
1076 3485 1317 3538 commendarunt

348 3551 495 3627 Vetera,-
527 3559 657 3630 neglecba
687 3576 760 3618 vero
785 3561 871 3622 ludio
899 3557 1039 3642 Veterum
1068 3563 1226 3622 neutericis
1260 3561 1317 3620 hoe

342 3631 511 3708 specificam
536 3639 597 3698 fere
614 3639 762 3702 subduxit.

361 3800 417 3870 16.
444 3803 609 3892 Nemeum
632 3809 767 3878 methodi
787 3809 951 3879 exhibendi
974 3811 1208 3892 medicamenta,
1235 3809 1316 3881 dum

257 3914 297 3994 u.
315 3915 349 3991 g.
380 3917 401 3968 a
427 3899 551 3992 planta
582 3900 673 3976 ficca
704 3903 765 3975 vel
790 3904 827 3978 in
855 3903 1009 3978 decouo
1042 3927 1102 3980 eas
1130 3906 1315 4018 requirunt

1204 4019 1314 4079 vrrtu·
