2568 4764
258 243 333 328 ‚238
642 227 728 306 cur
758 227 937 306 uouoa

259 430 330 505 que
359 409 420 482 illa
438 407 591 482 omnin-0
614 407 712 502 posse
733 409 957 503 derelinqui,
982 407 1018 481 dt
1041 408 1115 482 haee
1139 407 1202 482 illis
1222 423 1280 486 tan·

257 519 337 580 tum
361 507 435 582 usui
454 505 544 597 effe,
572 508 633 599 qui
654 507 713 580 illa
732 507 919 600 poilident.
972 507 1027 611 Ut
1043 506 1161 599 itaque
1179 509 1280 580 clario

260 625 336 686 rem
364 620 583 698 conceptum
605 605 850 679 harmonia&
867 605 1035 680 utilitatis
1055 607 1175 678 harum
1189 629 1278 680 rerun

263 701 500 794 adequamur,
526 702 701 776 nocellum
730 703 799 778 elie
826 717 940 796 put0,
967 704 1171 776 communia
1193 703 1277 796 magis

258 820 489 894 percurrere,
514 812 556 872 ut
579 801 728 893 quisque
756 801 839 875 inde
865 801 998 874 elicere
1023 813 1131 894 queat
1154 800 1189 875 in
1208 816 1280 873 cete*

259 897 309 970 ris
335 897 493 990 objeuiss
510 897 703 972 utilitatem
730 897 900 974 Historiae
923 899 1124 994 Naturalis.

721 1082 754 1170 q.
806 1078 857 1149 v.

358 1191 493 1266 Omnia
514 1213 670 1285 corpora
691 1197 751 1266 vel
775 1195 812 1268 in
837 1199 1054 1280 athanatum.
1069 1195 1131 1265 vel
1156 1192 1191 1265 in
1209 1195 1276 1264 adi·

260 1299 361 1369 chaun
379 1305 498 1362 creata
512 1288 579 1362 elle
597 1291 759 1364 arbitrati
776 1290 857 1365 lunt
870 1307 1028 1382 veteres,
1051 1289 1145 1363 adeo
1160 1303 1198 1360 ut
1209 1288 1275 1360 ciret

260 1389 454 1464 utilitatem
472 1408 666 1479 corporum
686 1389 902 1462 naturalium
924 1388 1059 1483 semper
1077 1403 1272 1481 quaererent,

260 1508 346 1562 num
367 1487 470 1558 utilia
496 1483 607 1558 ell'ent
634 1484 714 1577 esu,
745 1489 806 1560 vel
831 1509 917 1560 num
941 1486 1108 1560 morbum
1133 1481 1276 1579 quendam

240 1583 517 1682 ‘profliga1·ent‚
551 1583 611 1655 uel
642 1584 772 1676 eriam,
806 1599 898 1678 quot
926 1585 1125 1658 virtutibus
1160 1581 1276 1655 medicis

258 1685 331 1756 hoc
353 1680 412 1752 vel
438 1677 526 1752 illud
550 1679 749 1774 gauderet?
798 1681 847 1756 Et
869 1683 894 1756 fi
914 1682 1074 1777 quaedam
1102 1683 1218 1775 planta
1236 1691 1277 1748 aut

260 1778 392 1852 animal
429 1777 607 1870 quoddam
631 1778 691 1872 *ad
725 1781 846 1854 haecce
877 1777 1156 1874 predicamenta
1181 1775 1280 1850 reterri

259 1875 445 1968 nequiret,
471 1874 558 1947 illud
575 1889 616 1949 ut
633 1875 760 1960 inutile
782 1878 1031 1970 linquebatan
1073 1879 1208 1950 Verum
1224 1869 1280 1964 qui:

260 1973 343 2046 dem
363 1971 432 2063 est,
461 1972 655 2047 utilitatem
678 1975 852 2066 quandam
881 1975 1124 2048 immediatam
1150 1972 1196 2047 sat
1215 1969 1277 2044 mul·

259 2085 380 2144 torum
401 2091 596 2163 corporum
620 2071 727 2145 nobis
746 2072 860 2146 adhuc
879 2073 947 2147 elle
970 2074 1155 2168 ignotam,
1176 2068 1277 2143 media·

259 2181 297 2242 te
320 2183 439 2241 tamen
469 2172 591 2241 omnia
616 2171 724 2243 nobis
749 2171 818 2244 elle
845 2173 954 2265 longe
978 2169 1158 2243 utiliffima
1177 2165 1280 2242 merito

258 2266 481 2360 suspicamur.
534 2267 705 2358 Faenum,
736 2269 835 2361 quod
864 2285 1029 2362 ternpore
1058 2266 1185 2341 aestivo
1215 2283 1280 2336 cone

259 2365 407 2458 quirunt
437 2365 626 2454 homines,
662 2367 869 2440 ventriculo
904 2367 1063 2440 humano
1103 2362 1277 2468 immediate

257 2460 333 2545 usui
350 2461 493 2555 quidem
509 2460 670 2554 nonest,
695 2463 754 2537 sed
771 2463 926 2538 mediate
943 2463 994 2537 est
1012 2463 1102 2537 illud
1121 2485 1178 2537 res
1196 2478 1280 2535 maus

258 2559 308 2633 mi
325 2557 510 2653 ponderis,
533 2573 573 2633 ut
588 2561 796 2636 alimentum
808 2584 997 2657 pecorum,
1022 2584 1094 2654 quo
1114 2562 1175 2634 illa
1185 2555 1274 2662 pollet

258 2655 463 2730 immediate
495 2657 602 2732 nobis
639 2661 787 2756 prosmt.
837 2661 981 2756 Aphidas
1013 2666 1173 2744 minima,
1199 2669 1280 2758 ratuw

259 2754 426 2832 arborum
445 2755 693 2853 &plantarum
711 2759 923 2850 insidentes,
948 2757 1057 2832 uobis
1075 2757 1217 2851 quidem
1234 2771 1273 2856 tt·

257 2853 355 2930 nime
379 2855 485 2930 utiles
507 2855 732 2950 judicantur,
757 2854 815 2930 sed
833 2857 902 2928 illae
921 2855 1146 2929 devorantur
1164 2877 1182 2926 a
1198 2853 1278 2924 lama

261 2955 474 3050 Multarum,
520 2958 791 3042 Cenomanorum,
835 2954 1095 3027 Hemerohiorum
1122 2952 1189 3026 &o
1225 2957 1280 3052 qud

257 3071 326 3127 nec
345 3052 452 3126 nobis
476 3051 552 3126 usui
575 3051 643 3126 elle
659 3052 853 3143 videntur,
880 3051 930 3125 ast
949 3051 1025 3124 haec
1041 3050 1079 3123 in
1098 3051 1280 3214 alimenta&

257 3151 392 3225 cedunt
413 3148 597 3245 Pasierihus
614 3151 831 3246 iqfehliooris,
859 3151 920 3243 qui
944 3170 1021 3222 non
1039 3161 1179 3222 tantum
1200 3163 1280 3244 cans

256 3248 321 3326 suo
337 3231 534 3323 suavillimo
552 3269 620 3322 nos
637 3247 828 3340 delediant,
845 3268 972 3320 verum
989 3245 1098 3320 etiam
1111 3227 1280 3318 escanobd

255 3345 338 3430 lunt
366 3346 617 3423 delicatissima.
687 3347 804 3420 Urticr
824 3345 877 3420 est
903 3345 1045 3439 planta,
1075 3366 1155 3433 quae
1178 3364 1197 3414 a
1220 3327 1280 3427 qllii

259 3447 418 3544 drupede
445 3446 600 3540 quodam
624 3444 824 3518 domestico
845 3443 911 3516 vix
932 3442 1049 3516 editur
1077 3439 1184 3534 (lter.
1202 3427 1280 3507 Stati

260 3569 296 3644 p.
319 3539 409 3636 15.).
458 3543 607 3618 Naturae
641 3557 761 3616 tamen
782 3539 963 3615 Conditor
991 3539 1043 3611 illi
1068 3541 1171 3633 plura
1195 3529 1280 3636 impii

259 3644 330 3720 suit
349 3641 481 3717 tnseua
505 3641 653 3732 alenda,
680 3661 783 3735 quarn
808 3638 939 3714 ceteris
957 3636 1077 3711 herbis
1097 3636 1174 3710 fere
1193 3623 1280 3704 omui

259 3744 340 3818 bus.
365 3761 399 3815 e.
419 3761 452 3838 g.
486 3742 692 3837 Papilihaer,
726 3738 837 3811 Faun.
862 3737 965 3809 Suec.
990 3756 1080 3829 775,
1104 3739 1196 3825 776,
1219 3721 1280 3818 ilii

263 3843 446 3927 Phalereus,
458 3838 645 3934 815‚1821‚
660 3848 744 3930 833,
762 3847 846 3928 855,
862 3845 944 3928 872.
977 3837 1206 3914 Curculionem,
1219 3803 1280 3914 asli

262 3941 431 4038 §lutiam
458 3941 546 4034 ⁶53·
613 3937 823 4026 amena,
854 3954 939 4030 γοα.
964 3931 1032 4008 dte.
1078 3953 1155 4028 quae
1187 3915 1280 4094 Ἓξ
