2568 4764
164 315 173 334 ‚
246 225 320 317 264
523 217 726 297 nurum
758 208 1024 306 noussen.

247 403 322 496 est,
350 414 393 474 ut
416 401 480 478 nili
505 404 578 478 hoc
604 400 717 497 ipsum
742 402 962 496 adsumatur,
992 401 1134 480 tenellis
1156 403 1268 478 saleto·

240 502 371 574 dinem
398 523 473 574 non
501 503 566 575 nisr
603 497 779 576 infirmam
816 503 960 597 prorsus
996 499 1156 597 polliceri
1186 525 1268 598 quea·

248 619 340 674 mus.
382 599 466 671 Nos
484 599 627 692 quidem
645 621 722 673 non
738 600 845 694 fugit,
870 599 1083 674 obstetrices
1097 601 1194 692 hujus
1205 602 1268 672 loco

242 696 420 790 ,adhibere
439 700 633 772 saccharum
645 702 828 792 periurum,
858 699 1017 774 Mannum
1035 699 1149 772 aliave
1161 695 1269 782 dulciss

246 793 307 870 sed
334 817 437 886 quam
469 795 602 868 debilia
637 795 705 868 smt
736 798 812 870 haec
846 799 1103 889 eccoprotica,
1138 794 1270 889 pervidet

249 891 393 986 quivis,
423 893 481 966 eui
509 915 550 964 ea
575 890 668 984 ipsa,
695 915 776 965 eum
802 893 976 988 purgandi
1001 893 1175 989 requifitis
1195 889 1269 984 supra

247 991 482 1079 memoratis,
519 989 688 1062 conferre
720 993 832 1064 lubet.
899 992 1091 1087 Eliguntur
1123 1002 1164 1062 ut
1190 989 1269 1084 pluri·

246 1105 347 1161 mum
361 1085 522 1160 nutrices
540 1107 585 1159 ex
604 1087 748 1161 leminis
767 1089 909 1162 vilioris
931 1089 1057 1177 l'ortis,
1084 1109 1169 1183 quas
1187 1084 1270 1158 trinu

246 1187 461 1282 plerumque
495 1185 569 1258 fata
598 1183 680 1258 suos
703 1185 860 1261 infantes
890 1186 1072 1278 deserere,
1108 1185 1270 1274 alienisque

246 1283 452 1357 nutriendis
479 1283 652 1357 inseruire
678 1297 826 1378 cogunt.
878 1284 1051 1357 Solidiori
1074 1284 1181 1377 igitur
1197 1281 1267 1352 du·

246 1381 335 1454 liori
362 1381 469 1473 cibo,
496 1381 754 1474 laboribusque
782 1381 1011 1470 rudioribus,
1038 1405 1058 1454 a
1083 1381 1194 1475 prima
1215 1377 1266 1450 inu

246 1480 427 1566 infantia,
462 1478 625 1567 aliuetae,
659 1478 848 1573 postquam
882 1481 976 1554 intra
1003 1479 1270 1584 angustumcon·

248 1579 377 1668 clave,
404 1575 558 1650 desidem
576 1577 688 1650 vitam
703 1589 841 1668 terere,
865 1580 963 1652 laute
982 1577 1134 1667 vivere,
1156 1575 1270 1656 multun

249 1675 381 1766 edere,
411 1675 557 1748 fortiter
582 1674 707 1746 bibere
730 1675 933 1770 incipiunt,
960 1677 1165 1761 Ple'rlorcnn,
1191 1671 1270 1778 larsa·-¹

248 1780 339 1847 mam
367 1793 408 1844 ac
437 1773 581 1844 tandem
610 1773 859 1846 Melancholr‘nm
891 1772 1136 1848 contrahunt:
1171 1767 1270 1844 nen²n

248 1871 347 1943 enim
366 1891 442 1942 non
462 1869 624 1958 constat,
653 1871 845 1944 delicatum
865 1871 984 1944 cibum
999 1869 1203 1962 otiumque,
1218 1881 1270 1936 cun

247 1967 365 2040 crudo
389 1967 669 2041 nutrimento&
690 1983 793 2039 motu
818 1967 1085 2042 vehementiori
1112 1973 1270 2042 commuta

248 2079 355 2157 tum,
387 2065 529 2140 acidum
567 2065 803 2160 spontaneum
839 2069 1023 2154 oscitare,
1064 2066 1163 2159 quod
1194 2057 1270 2156 ipsun

248 2164 528 2242 melancholiam
563 2176 736 2257 genereus
783 2163 923 2236 aeidmn
962 2179 1091 2236 autem.
1123 2162 1202 2237 illud
1233 2155 1270 2226 ui

248 2261 359 2338 sentit
382 2262 526 2351 nutrix,
552 2261 778 2355 priusquam
804 2263 841 2334 in
869 2261 1043 2339 infantem
1073 2245 1270 2364 transferam

249 2363 405 2448 malum,
437 2358 657 2431 torminibus
680 2359 825 2431 tandem
847 2359 1012 2431 &multo
1032 2358 1144 2431 semet
1165 2363 1269 2428 sonti

248 2452 422 2557 prodens.
475 2457 531 2528 Ex
564 2457 757 2548 coagulato
790 2457 946 2549 denique
976 2457 1088 2544 laete,
1124 2461 1229 2529 mmet
1247 2463 1269 2556 at

250 2555 447 2630 indurescit
479 2554 602 2625 tenelli
634 2553 859 2642 stomachus,
889 2553 1093 2648 digerendis
1132 2553 1269 2625 aunem

250 2655 389 2746 impar,
415 2651 599 2724 virescunt
621 2666 871 2740 excrementa,
902 2650 1062 2744 pallescit
1086 2643 1266 2736 facienti

252 2753 370 2823 oritur
398 2749 566 2842 frequens
597 2749 780 2838 volatica,
814 2772 918 2841 quam
951 2750 1094 2822 demum
1123 2745 1269 2848 excipiunt

253 2847 520 2921 Convulsrones
540 2848 724 2919 autetiam
747 2847 895 2919 llcttica
913 2847 1086 2940 puerilis3
1112 2845 1207 2941 quod
1222 2841 1269 2914 uu

251 2945 440 3021 consilium
463 2959 620 3018 vocatur
639 2945 820 3034 medicus,
846 2943 1041 3038 proscribit
1057 2937 1269 3018 laborantill

242 3049 428 3144 sordentia,
457 3041 585 3135 quilms
612 3042 757 3114 dolores
781 3042 980 3131 leniantur,
1008 3041 1197 3115 &animam
1215 3037 1269 3108 lua

252 3147 384 3218 barbari
395 3196 404 3224 ‚
434 3163 511 3234 qaam
536 3141 773 3213 amaritudine
792 3139 850 3212 sua
869 3140 1009 3212 acidum
1031 3143 1159 3232 tollat,
1185 3149 1269 3210 corro‘

251 3241 362 3320 boret
387 3237 618 3312 intestinaac
641 3239 771 3330 primas
795 3238 874 3310 uias
896 3249 1045 3331 purget3
1072 3261 1144 3331 qus
1167 3231 1268 3338 ration!

250 3339 382 3413 sanitas
403 3333 546 3431 quidem
569 3335 699 3408 infanti
726 3333 841 3424 redit3
870 3335 929 3428 qui
958 3357 1047 3408 sero
1078 3359 1166 3408 mos
1194 3329 1268 3426 palu

252 3437 404 3508 dromon
422 3433 580 3526 patitur,
607 3455 687 3504 cum
710 3432 824 3506 canna
851 3432 1011 3506 nondum
1031 3431 1165 3505 sublata
1186 3431 1231 3513 fit,
1245 3437 1268 3530 ᾗ(

252 3533 290 3605 in
310 3532 451 3604 nutrice
476 3533 590 3602 latens
623 3530 755 3624 quouis
785 3545 973 3603 momento
1005 3532 1204 3623 repullulet.
1246 3531 1268 3588 n

251 3630 456 3705 fatendum:
479 3627 641 3699 medicos
651 3628 694 3698 de
709 3629 774 3698 luc
786 3649 824 3700 re
838 3631 986 3700 multum
1000 3617 1174 3702 sollicitos
1185 3616 1264 3722 suile

250 3727 371 3802 donee
407 3727 549 3797 tandum
587 3725 783 3818 periculum
818 3725 1007 3815 fecerunt,
1043 3727 1174 3799 nutrici
1203 3717 1268 3792 oxu

248 3827 358 3900 bendi
390 3825 508 3918 plures
532 3825 634 3896 doses
662 3823 823 3917 magnalia
850 3829 949 3912 alde,
982 3846 1059 3917 quae
1088 3825 1220 3916 quidem
1241 3801 1268 3918 cll

208 4017 211 4024 Ι
248 3925 415 4024 egregia,
440 3919 598 3995 sednon
622 3920 760 4014 semper
783 3923 838 3997 his
862 3922 964 3994 malis
990 3943 1067 4016 par.
1117 3921 1212 3996 Nob.
1230 3913 1268 4078 lttul1
