2650 4762
291 193 483 310 'MORBI
508 229 804 316 <eranum
1006 257 1090 342 »¹1³

13 429 158 490 eorum
185 411 344 506 januam,
359 409 512 507 aperire.
564 413 677 518 Quod
701 413 745 488 ad
757 411 850 510 -ipst
865 407 949 491 vasa
964 413 1095 498 subeo»

16 525 136 587 tanea
155 511 313 600 attinet,
339 511 469 584 horum
487 509 586 584 fibrae
611 513 694 606 gelu
718 513 1005 602 contrahuntur,
1032 513 1095 588 de·

11 609 292 706 generantibus
314 607 517 700 liquoribus
534 609 804 701 corroduntur,
826 625 869 684 ut
889 611 928 684 in
944 610 1092 704 pernio-

9 710 132 782 nibus
168 705 302 778 videre
331 704 538 799 polliim'us‘,
579 706 730 780 arfliora
763 705 858 782 fiunt
888 709 964 780 haec
994 709 1092 802 vasa,

10 807 117 878 cutis
138 801 400 896 exasperatur,
423 815 544 882 totum
563 825 696 898 corpus
710 803 943 895 demmescit5
966 807 1094 882 exbae

14 903 116 976 dista
142 899 286 992 causa,
303 899 439 992 liquida
467 901 507 974 in
529 900 586 978 his
612 903 703 976 valis
725 902 993 997 impediuntur,
1026 905 1093 978 ob·

17 997 176 1074 strumo
207 1003 420 1094 generatur,
443 998 540 1072 unde
570 998 751 1074 interdum
769 999 951 1074 Anasarca
970 1001 1005 1074 &
1027 1023 1092 1096 pu·

24 1097 126 1172 stulu
150 1117 225 1192 per
254 1109 375 1169 totum
399 1117 535 1190 corpus
566 1095 816 1192 disperguntur
840 1101 974 1192 (Boerh.
994 1103 1091 1195 prol.

34 1195 158 1268 TJH.
183 1211 222 1290 p.
234 1189 343 1288 539).
395 1191 510 1267 Crafrs
532 1194 655 1286 itaque
676 1197 868 1270 humorum
893 1197 1093 1273 multorum

16 1313 87 1390 per
105 1293 229 1388 frigus
246 1292 485 1366 vehementer
509 1304 679 1388 mutatur.
731 1293 872 1368 Scimus
890 1314 1016 1386 aquam
1032 1316 1092 1368 ca-

18 1391 157 1481 lidam,
187 1387 335 1463 facilius
353 1411 459 1484 quam
477 1389 667 1486 frigidam,
693 1389 793 1486 polle
805 1389 947 1466 solvere
960 1389 1093 1482 salinae

20 1489 108 1564 hinc
134 1485 327 1562 menstrua
352 1485 506 1580 aquosa,
542 1509 621 1580 quae
644 1484 754 1580 salina
781 1487 1021 1564 dilfolverunt
1047 1489 1094 1566 ad

21 1584 321 1676 ommonem,
369 1585 501 1678 majori
540 1585 681 1679 frigore
718 1587 940 1678 turbantur,
982 1584 1094 1664 salina

16 1687 225 1781 deponunt
252 1682 484 1778 corpuscula,
522 1681 693 1758 calefafla
718 1683 928 1776 moderate,
959 1685 1093 1762 iterum

15 1783 190 1858 solvunt
240 1778 305 1856 Est
318 1803 410 1874 aqua
433 1780 471 1854 in
485 1779 700 1856 humoribus
716 1782 751 1856 δι
767 1781 1093 1882 sanguineporpo·

15 1883 66 1957 ris
96 1879 226 1955 nostri
251 1899 420 1974 magnum
445 1877 636 1952 fluiditatis
661 1879 929 1974 adjumentum
953 1881 1102 1976 frigore·

14 1982 149 2074 itaque
177 1990 224 2051 ut
252 1977 450 2071 corripitur
478 1975 560 2068 hic,
592 1993 671 2052 non
696 1977 887 2054 solvuntur
917 1978 955 2052 in
983 2001 1030 2054 eo
1057 1981 1095 2068 ur

16 2079 103 2152 aliis
121 2076 335 2170 liquoribus
368 2074 529 2172 legitime
548 2073 678 2169 salina,
703 2074 943 2152 concrescunt
965 2077 1095 2155 eadem

18 2177 55 2249 ὰ
84 2174 291 2250 rodentem
325 2173 513 2266 accipiunt
540 2173 638 2262 vim3
675 2175 722 2250 stc
750 2177 867 2252 urina¹
883 2174 922 2250 in
953 2173 1094 2271 frigore

24 2272 180 2347 cralfum
202 2270 358 2365 deponit
371 2269 626 2360 sedimentum3
653 2271 838 2363 calefalla,
864 2273 996 2346 iterum
1009 2297 1091 2368 per·

28 2373 148 2444 lucere
171 2368 328 2462 incipit3
359 2367 455 2442 unde
474 2366 686 2442 observavit
699 2375 737 2446 de
760 2371 899 2458 Gener,
923 2371 961 2444 in
979 2370 1094 2447 debili

26 2489 193 2563 corpore
221 2487 351 2540 renum
379 2463 560 2540 astionem
586 2465 666 2540 fieri
694 2468 921 2544 imminutam
949 2471 1001 2542 ita
1024 2489 1092 2562 per

23 2567 163 2662 frigus,
190 2575 235 2637 ut
252 2561 491 2658 supprimatur
512 2565 766 2658 mutumejns
788 2566 954 2640 excretio
969 2567 1005 2640 δι
1018 2567 1093 2640 cal·

18 2661 158 2739 culosae
198 2661 357 2736 materiae
394 2661 606 2760 generanda
635 2663 778 2737 occasio
811 2658 927 2736 detur.
995 2663 1093 2768 Quis

15 2761 221 2836 mirabitur
240 2758 389 2851 itaque,
410 2757 540 2832 multia
555 2757 601 2832 in·
618 2757 712 2834 locis
730 2760 897 2854 corporis
926 2760 1091 2853 humani,

12 2873 145 2935 certas
175 2857 211 2931 u
240 2855 383 2931 sanitati
412 2855 577 2930 inimicas
602 2855 707 2932 stases
730 2859 914 2953 liquorum
938 2877 1004 2953 per
1027 2859 1091 2932 fri·
1227 2901 1231 2916 ·

12 2981 86 3056 gus
120 2953 230 3046 fieri,
261 2965 370 3047 atque
410 2953 620 3028 artlrriticos
656 2957 825 3048 dolores,
859 2977 908 3030 ex
940 2969 1091 3038 retento

9 3059 126 3132 inter
147 3049 377 3163 maiculosllt
401 3051 597 3127 immeabili
618 3052 715 3130 saffo
741 3055 907 3150 liquore,
923 3055 1090 3131 occano

11 3177 109 3232 nem
134 3165 257 3248 aptam
283 3169 462 3244 accipere.
589 3210 592 3222 .

6 3473 15 3516 ;
130 3443 208 3551 Qui
240 3446 489 3542 experimenta
523 3443 759 3520 instituerunt
789 3457 872 3518 cum
900 3435 1091 3536 transpira·

4 3549 160 3634 tione,
193 3543 477 3636 intellexerunt,
512 3551 590 3616 eain
615 3565 635 3616 a
658 3541 811 3618 solstitio
839 3543 863 3614 h
891 3539 997 3616 emali
1019 3537 1091 3637 ,do-

9 3640 216 3732 erescere,
240 3653 284 3715 ut
305 3643 391 3716 inde
408 3641 453 3715 ad
476 3640 640 3716 estivum
661 3652 821 3736 augetur.
906 3659 971 3715 aro
995 3639 1094 3730 quis·

11 3742 133 3838 piam
156 3739 251 3831 apud
275 3757 345 3814 nos
367 3739 505 3836 frigore
533 3739 710 3829 moritur,
742 3737 935 3812 nisr.·valde
962 3733 1096 3810 debilia

14 3851 89 3912 aut
117 3835 159 3908 in
181 3849 286 3910 motu
310 3859 463 3932 paratu,
487 3835 634 3931 frigoris
660 3839 784 3930 jugum
811 3833 972 3909 submilia
994 3831 1095 3924 quasa

9 3930 181 4070 nervice
218 3933 409 4030 subierief
443 3933 686 4064 Viresnite..
699 3931 840 4034 frigore
855 4003 859 4012 .
875 3925 1093 4123 natugglgietgf
1163 4015 1166 4022 .
