2568 4764
242 243 320 332 '184
394 233 600 344 ooouas
629 229 1161 310 umorcaurrrronuu.

235 417 322 518 sunt
353 414 482 504 olores,¹
517 429 563 488 tot
586 421 681 488 etiarn
709 409 940 504 odoriferorum
963 419 999 487 in
1026 437 1146 488 nervos
1175 410 1270 508 effeiil

176 515 178 532 '
243 515 404 608 existunt.'
1032 527 1036 538 '

343 610 423 689 Hm
445 612 587 696 accedit,
617 611 699 705 quod
725 610 835 681 modus
861 633 1034 682 uovorum
1057 612 1175 701 agendi
1204 611 1270 680 odiu

241 715 381 786 maxime
406 707 557 801 oiscurus
580 706 628 798 fit
651 708 696 793 i?
717 714 751 780 in
774 705 977 801 Phystologia
1006 711 1177 780 admodum
1204 711 1270 800 erpi

239 803 494 902 catuldiliicilis.
545 806 688 897 Benigne
709 812 833 896 igitur,
862 806 983 900 queso,
1008 806 1161 901 exctases,
1192 802 1270 875 loni

233 902 474 998 'aumoniffimm
504 903 537 995 fi
564 909 599 976 in
625 927 669 974 re*
686 905 761 974 odeo
790 904 921 995 olricum
948 905 1067 990 rrilum
1097 926 1162 976 non
1178 901 1271 995 *sempr

242 1007 405 1078 tramitem
433 1016 581 1088 inruere,
607 1007 766 1096 imprimis
793 1024 865 1072 com
889 1005 967 1095 plus
1000 1006 1066 1074 leit
1099 1004 1230 1073 luminis
1250 1019 1271 1094 n

243 1106 420 1196 quiritur,
453 1121 547 1193 quam
574 1097 683 1192 noflra
708 1098 957 1193 ¹sulrmirn‘lirunt
989 1113 1144 1192 temporo.
1208 1097 1271 1190 Sper

243 1213 349 1272 autem
367 1195 460 1288 fore,
487 1211 545 1284 ut,
569 1201 763 1292 cumplures
781 1196 1022 1290 oiamsfhllicile
1048 1211 1212 1292 quaerunt,
1235 1189 1271 1286 effi

235 1298 310 1382 duo
341 1297 466 1367 tandem
494 1297 668 1366 multorum
696 1310 790 1390 opero
815 1291 906 1392 pofflt
938 1299 1093 1370 inveniri.
1172 1289 1271 1368 lueri

243 1385 285 1468 in
309 1392 429 1466 arduis
454 1390 609 1466 voluilse
629 1389 681 1464 lat
703 1389 766 1466 est.

647 1629 819 1724 CAP.
876 1626 908 1712 I.

721 1844 755 1932 e.
803 1837 834 1912 1.

243 1955 446 2138 Volutiiiu
471 2002 649 2076 corpora,
673 2002 750 2074 quae
772 1981 921 2054 occulto
943 1977 1101 2072 quodam
1127 1969 1235 2048 modo
1256 1965 1273 2038 ir

352 2101 486 2173 corpus
507 2077 702 2152 humanum
726 2091 856 2174 agunt,
878 2093 952 2153 tam
965 2075 1108 2151 subtilia
1126 2070 1162 2146 u
1179 2067 1273 2158 exigu

241 2174 346 2268 sunt,
375 2191 418 2250 ut
433 2177 523 2250 nihil
540 2174 668 2268 sciam,
698 2175 755 2248 cui
778 2175 910 2268 possint
928 2173 1115 2248 affimilari.
1169 2164 1273 2239 Ambo

244 2288 309 2348 aut
331 2273 506 2348 Moschus
535 2269 686 2350 odorem
716 2272 814 2345 suum
840 2272 1077 2370 tenuiffimum
1101 2265 1273 2364 perplura

244 2369 337 2467 saepe
358 2394 474 2446 annos
497 2371 704 2445 constanter
723 2371 889 2460 exhalat,
915 2384 1022 2462 atque
1046 2369 1214 2450 domum,
1236 2355 1274 2466 ubl

239 2467 428 2560 servatur,
464 2469 613 2565 implet,
649 2469 722 2543 fine
756 2468 907 2543 sensibili
942 2466 1093 2562 quadam
1132 2459 1274 2558 pondere

242 2567 502 2642 diminutione.
566 2565 676 2640 Aulo
711 2567 917 2641 volatilium
951 2567 989 2638 in
1019 2585 1155 2658 corpus
1182 2559 1274 2660 huma

105 2729 108 2738 .
242 2689 333 2742 num
351 2664 524 2758 explicari
542 2686 617 2737 non
636 2664 774 2758 pollet,
799 2664 861 2737 nisi
880 2665 983 2736 Deus
1004 2662 1176 2736 oisellum
1195 2653 1274 2728 noba

244 2761 418 2851 dedisset,
449 2762 510 2854 qui
548 2762 643 2834 inter
675 2762 831 2835 maxima
863 2762 914 2836 est
944 2759 1122 2834 sentiendi
1155 2767 1274 2848 organi

244 2859 393 2936 Tunica
409 2858 711 2948 Schneideriaua,
737 2881 814 2954 quae
836 2883 901 2955 per
923 2881 1050 2934 omnes
1072 2857 1190 2944 finus,
1210 2861 1274 2954 qual

245 2959 409 3036 ionnant
436 2957 475 3032 in
506 2955 630 3032 fronte
656 2957 729 3031 olla
763 2981 990 3051 papyrnoea,
1023 2949 1094 3029 sese
1126 2941 1274 3026 extendit

242 3056 342 3132 'adeo
368 3056 485 3148 ampla
511 3055 584 3145 est,
612 3069 655 3128 ut
679 3056 701 3130 sr
730 3055 768 3128 in
795 3057 941 3149 planum
968 3053 1274 3150 reduceremur?

245 3167 327 3230 tum
353 3153 461 3228 facile
487 3165 598 3247 caput
621 3167 856 3251 contegeret,
890 3152 1018 3226 inillis
1045 3150 1200 3225 maxime
1224 3157 1274 3211 an·

244 3253 425 3342 malibus,
465 3272 543 3344 quae
574 3250 730 3325 fortiori,
756 3250 791 3323 u
815 3273 872 3324 ma
897 3251 927 3323 is
961 3249 1111 3324 sensibili
1148 3243 1274 3320 odoratu

246 3351 427 3449 gaudent,
452 3361 493 3420 ut
515 3347 632 3420 Canes
651 3349 683 3420 dr
701 3350 781 3421 alia.
830 3273 996 3422 Adhanc
1017 3347 1176 3420 tunicam
1196 3331 1274 3413 neni

246 3443 428 3522 olfaiiorii
452 3445 547 3539 quasi
565 3445 771 3519 immediate
792 3469 813 3519 a
834 3449 984 3520 cerebro
1004 3445 1178 3530 tendunt,
1204 3433 1274 3508 serot-

247 3565 319 3640 que
346 3545 519 3633 maximi,
557 3545 617 3638 qui
646 3545 682 3618 in
711 3543 778 3617 hac
803 3543 890 3618 nudi
920 3542 1013 3637 quasi
1039 3541 1073 3615 se
1095 3534 1274 3615 effundunt

244 3640 343 3718 haud
364 3642 469 3714 aliter
485 3663 526 3712 ac
543 3641 676 3716 neudum
695 3640 875 3734 quoddam
897 3641 1108 3732 cerebrum,
1134 3637 1189 3710 vel
1205 3623 1274 3704 mol·

243 3738 368 3817 lillima
385 3737 481 3811 illius
500 3737 691 3812 substantia
709 3739 913 3813 medullaris
934 3739 1016 3813 heic
1038 3732 1189 3832 expansa
1202 3731 1274 3822 jace·

141 3842 145 3855 ”
241 3849 321 3928 ret,
347 3835 391 3908 ad
406 3834 620 3910 subtilissima
633 3838 769 3930 quaevis
783 3838 820 3910 in
837 3851 970 3932 corpus
987 3837 1179 3911 humanum
1192 3839 1273 3920 agen·

242 3936 297 4010 tia
322 3933 557 4012 observanda.
609 3931 702 4010 Crun
730 3956 824 4010 vero
848 3956 1007 4031 corpora
1028 3931 1192 4009 volatilia
1210 3917 1274 4092 [siffi-
