2564 4762
338 241 424 320 CUI
454 243 632 320 BONO?
777 287 784 302 ·
943 265 1009 338 251

12 443 56 496 un
75 423 309 516 expmuonem
326 424 407 498 sunt
427 423 687 518 excogitanda,
712 445 759 496 ne
778 431 869 514 nos,
894 421 1013 496 &no-

12 523 38 592 is
63 519 262 614 necessaria,
290 523 443 595 omnino
473 511 671 594 devastint.
724 521 808 593 Hoc
834 543 926 593 vero
955 521 1013 593 ad·

12 618 68 709 equi
100 619 310 710 nequimus,
355 619 419 692 nili
451 620 595 691 illorum
626 632 788 692 natrrram
830 619 1013 714 cognitam

12 717 178 805 abeamus,
204 717 264 790 illa
288 737 379 790 vero
405 717 573 812 cognita,
602 715 760 789 remedia
781 715 851 788 illis
874 716 1016 789 facilius

12 816 230 907 scogirantur.
270 813 488 888 Insesiorum
505 814 642 887 utilitas
658 837 678 887 a
695 813 928 886 Cubiculario
945 813 1015 886 Re·

13 909 58 999 io,
83 911 179 983 Nob.
197 911 273 984 Dn.
294 915 406 986 Carolo
430 916 467 985 de
487 914 588 999 Geer,
619 910 888 1006 satis'.exposrta
907 909 957 983 est
981 919 1017 986 in

12 1009 143 1094 lruiorze,
175 1033 268 1102 qulam
299 1014 467 1083 babuibiu
495 1009 669 1082 Academia
698 1011 815 1099 Sciant.
843 1009 1015 1100 Holmenfi.
1083 1077 1086 1084 .

12 1103 77 1176 illius
95 1106 236 1196 quidam
260 1107 550 1196 commilitonum
570 1129 732 1180 meorum
749 1106 786 1178 in
805 1105 839 1178 se
852 1105 1017 1198 suscepit,

12 1204 126 1274 arnobis
144 1203 378 1293 demonstret,
422 1219 568 1278 uantum
583 1204 702 1278 damni
715 1195 755 1294 ⁵)
774 1201 905 1276 insecta
919 1223 1018 1278 com*

12 1300 124 1372 nuniter
156 1301 267 1374 nobis
297 1227 470 1374 adserbnt
539 1301 588 1374 Et
619 1302 707 1374 alius
738 1301 880 1394 quidam
906 1301 943 1374 in
971 1311 1019 1386 eo

12 1419 49 1466 an
68 1397 113 1468 est
133 1413 356 1492 occupatus,
380 1411 422 1471 ut
445 1399 552 1472 nobis
564 1397 758 1495 significet,
787 1421 946 1494 quaenam
961 1397 1019 1471 ln-

12 1491 142 1568 'edorum
168 1495 306 1590 species
333 1497 389 1590 jus
419 1497 579 1569 'civitatis
608 1497 847 1570 obtinuerunt
868 1498 905 1571 in
931 1518 1018 1591 quo·
1066 1554 1070 1562 .

12 1591 41 1660 is
67 1593 256 1688 vegetabili
283 1585 355 1684 ¹¹).
419 1593 598 1687 Adeoque
632 1617 708 1668 non
743 1617 834 1688 opus
866 1594 941 1685 est,
979 1607 1022 1666 ut

12 1689 116 1764 lorum
140 1692 330 1782 damnum,
357 1693 454 1784 quod
476 1693 551 1764 fere
578 1692 790 1766 incredibile
810 1693 882 1782 eil,
908 1713 1020 1787 expo-

12 1807 60 1857 an
82 1809 157 1883 ego.
211 1789 345 1860 Tribus
379 1787 604 1862 solummodo
633 1791 755 1862 verbis
773 1789 1020 1885 ngnificaum

12 1886 89 1974 ulo,
115 1886 213 1980 quod
236 1887 305 1958 illis
322 1885 403 1958 satis
425 1909 493 1960 nos
516 1909 704 1980 opponere
723 1883 905 1962 valeamus
930 1911 1020 1961 nern-

12 2002 99 2070 1uam,
114 1985 195 2056 ·nisr
214 1983 284 2055 illis
303 1983 404 2076 ipsas,
428 1997 469 2056 ut
491 1984 640 2076 mediis,
663 1987 711 2058 usr
735 1986 917 2060 fuerimus.
968 1986 1020 2056 Si-

12 2091 47 2148 ut
65 2081 153 2156 enim
180 2085 342 2172 Canibus,
370 2081 520 2175 aliisque
548 2085 643 2156 Feris
669 2079 803 2155 utimur
830 2083 866 2156 in
893 2088 1020 2170 Cernis,

12 2173 103 2268 spis,
136 2180 342 2273 Lamasba,
377 2179 527 2272 aliisque
554 2179 780 2254 Animalibus
817 2201 1023 2276 expugnan-

12 2267 62 2362 iis,
80 2299 150 2368 quae
173 2275 282 2350 nobis
298 2275 468 2350 damnum'
484 2275 649 2350 adserunt
669 2278 705 2350 in
726 2278 817 2374 agris
837 2278 870 2350 ἃ
889 2279 1023 2372 pratis;

12 2383 56 2440 aut
76 2373 153 2447 licut
179 2376 329 2447 Falernas
351 2373 475 2447 instrui
503 2373 647 2467 possunt
672 2376 715 2447 ad
737 2377 887 2463 Ardeae,
914 2377 1024 2476 Alan3

12 2467 64 2554 sas,
83 2473 238 2564 diesque
261 2471 371 2546 Aves
387 2471 635 2560 debellandam
665 2473 715 2544 ita
738 2475 847 2546 etiam
868 2473 952 2546 seris
971 2473 1025 2544 in-

12 2573 48 2634 ter
62 2567 189 2645 lusesia
214 2569 266 2641 uti
290 2568 500 2644 deberemus
524 2569 562 2642 in
584 2567 732 2664 reliquis
758 2569 854 2646 hisce
880 2571 1025 2644 animal·

12 2663 73 2736 :ulis
96 2667 375 2762 exstinguendis.

82 2769 212 2838 Cineres
238 2767 456 2858 dunejlirose
482 2763 649 2838 domibus
668 2765 849 2855 expellere
877 2765 940 2838 vix
961 2789 1026 2840 ern-

12 2877 86 2948 luam
104 2861 327 2951 valebimus,
354 2875 544 2952 antequam
563 2863 630 2934 alia
652 2859 801 2952 inscita,
833 2865 915 2936 illos
945 2887 1027 2936 exe-

12 2953 103 3032 lentia
125 2961 165 3034 in
189 2959 335 3034 domum
359 2960 664 3058 intromittamus,
694 2981 772 3052 og.
799 2964 930 3034 cimices
952 2979 1026 3056 per-

12 3051 102 3130 imus
123 3057 189 3130 &c
251 3079 412 3131 currens
442 3057 476 3130 δι
502 3057 658 3152 Muscas,
693 3058 830 3149 quaein
860 3059 1027 3132 domibus

12 3151 166 3228 lfflisiioni
182 3155 292 3230 nobis
305 3154 397 3244 sunt,
420 3154 560 3228 facilius
579 3177 656 3228 non
674 3155 899 3246 expellimus,
924 3177 1028 3248 quam
1075 3167 1091 3208 θ

12 3243 300 3328 iintroducamus
327 3253 528 3339 Libellules,
559 3274 635 3344 quae
658 3253 735 3324 illas
761 3251 920 3325 citissime
946 3273 1028 3324 exe·

12 3343 95 3432 lunt,
121 3364 161 3424 ut
187 3349 393 3446 Accipitres
422 3349 571 3444 capiunt
596 3349 767 3422 Gallinas.
819 3350 1030 3424 Invenimus

12 3439 161 3536 ‘episima
181 3449 351 3522 maximas
380 3449 527 3520 arbores
548 3446 748 3520 devastatas
774 3447 842 3519 esl'e
863 3449 1031 3539 omnino,
1128 3529 1138 3547 ‚

12 3544 86 3630 ruod
102 3547 143 3618 ad
162 3546 274 3638 solia,
300 3546 344 3618 ab
360 3547 483 3619 Erratis
499 3547 743 3640 Phalarimne,
768 3549 838 3632 &a
872 3547 1032 3652 Quando

12 3659 80 3711 lero
113 3643 189 3718 illas
218 3643 432 3739 quaerimuS,
462 3665 587 3716 onmes
615 3642 812 3716 devoratas
845 3639 1032 3742 cognosci·

952 3762 1032 3814 mers

12 3857 286 3882 -ι-ιιι--η-ι

32 3920 69 4002 ·)
91 3925 174 3990 roxa
195 3883 387 4004 russeum(

32 4017 83 4102 ¹⁹)
108 4023 226 4110 Hospita
246 4022 416 4107 lusesloruu
426 4021 520 4104 flora.
