2572 4756
269 276 341 346 214
464 254 738 332 MIRACULA
769 251 1116 384 munerun-unt

268 433 465 526 competit,
492 432 744 510 resolvendum
763 435 944 528 relinquo.
996 433 1162 540 Quotidie
1178 447 1268 510 tmen

266 533 420 629 plurima
451 531 640 622 accidunt,
670 557 782 627 quae,
803 533 924 610 cauffis
955 553 1080 606 eorum
1107 532 1189 606 haud
1212 555 1268 626 per·

267 629 419 724 spieuis,
441 629 652 704 miraculosa
668 632 849 710 videntur.
901 628 1055 722 Siquis,
1080 629 1271 722 cuiineogri·

267 741 305 801 ta
326 727 411 800 elset
429 726 487 804 vis
507 729 697 820 Magnetis,
723 722 883 818 aeumin
910 727 1045 833 pyxide
1067 725 1227 800 nauticas
1260 764 1271 778 ·

267 850 333 922 per
357 824 401 898 ad
423 823 705 918 septentrionem
728 827 938 920 uergentem
963 823 1122 896 videret:
1144 823 1197 896 vel
1211 821 1231 896 st
1244 821 1272 894 li·

267 937 442 1000 maturam
473 921 558 996 serti
596 947 660 1016 per
696 923 854 998 chartam
887 921 1037 1018 sparsam
1075 920 1271 1015 conspiceret,

268 1017 454 1124 quomodo
480 1017 548 1092 sese
576 1021 730 1116 erigeret
755 1018 790 1097 dc
814 1030 1074 1114 promoveret,
1105 1017 1215 1112 lapillo
1236 1015 1269 1088 so

267 1117 453 1194 lummodo
479 1115 540 1190 sub
558 1119 716 1192 chartam
739 1117 924 1208 adhibito,
948 1115 1202 1209 supernaturale
1215 1111 1270 1206 qu'd

267 1217 381 1292 adesse
400 1227 499 1288 certe
518 1216 747 1290 existimaret.
798 1214 853 1289 Ita
872 1237 1016 1310 quoque
1031 1214 1131 1288 Artis
1145 1213 1271 1286 eume

268 1338 397 1410 expers
422 1312 573 1404 videns,
600 1314 744 1408 quodsi
771 1311 850 1406 quis
874 1313 1060 1407 Physrcum
1084 1307 1267 1404 eledlrisatun

267 1435 376 1490 manu
396 1409 576 1504 tetigerit,
606 1433 687 1484 eum
708 1410 922 1502 scintillare,
949 1408 1008 1504 sua
1035 1431 1176 1501 quoque
1191 1405 1269 1500 lingue

269 1525 331 1587 aut
350 1510 550 1603 fragmento
580 1503 706 1605 glaciei
735 1505 896 1601 spiritum
923 1505 1001 1579 vini
1026 1501 1224 1592 accendere,
1239 1501 1271 1572 st·

267 1621 405 1684 teretur
425 1607 484 1677 ille
506 1606 657 1679 omnino
671 1629 768 1679 mera
788 1604 984 1699 perpetrari
1005 1605 1184 1676 miracula.
1207 1599 1272 1673 Hine

250 1705 419 1784 evidens
447 1701 519 1794 est,
551 1704 650 1796 quod
687 1727 760 1797 quo
789 1703 982 1796 peritiores
1019 1704 1124 1774 fimus
1153 1697 1273 1789 Phyto

266 1823 457 1894 rerumque
485 1803 723 1892 naturalium,
761 1823 807 1874 eo
833 1801 952 1874 minus
983 1797 1120 1872 creduli
1146 1795 1274 1887 &suptr-

267 1903 416 1984 stitione
441 1899 570 1972 imbuti
592 1899 801 1986 reddamur;
826 1899 950 1970 harum
973 1919 1067 1969 vero
1092 1893 1275 1969 scientiarum

268 1996 458 2073 dulcedine
487 1997 649 2070 nondum
679 2009 848 2089 experta,
872 1996 1089 2088 permultum
1117 1992 1215 2066 nobis
1235 1987 1275 2058 ob·

268 2097 396 2171 veniat
413 2091 674 2167 miraculosum.
729 2098 897 2166 Charmade
910 2115 975 2186 per
989 2099 1108 2164 a'erem
1125 2085 1281 2168 volitante

268 2217 350 2270 cum
383 2193 707 2266 animadverterint
728 2190 889 2283 antiqui,
926 2211 995 2284 pro
1024 2187 1201 2262 miraculis
1221 2181 1277 2290 mli

268 2291 401 2366 ominis
429 2291 606 2379 habuere,
642 2311 719 2382 quae
743 2303 862 2362 tamen
887 2311 908 2360 a
931 2286 1063 2361 nostris
1087 2285 1281 2359 astronom

267 2391 476 2478 obseruata,
502 2387 658 2460 animum
677 2409 803 2460 eorum
827 2389 926 2462 nulla
947 2385 1100 2459 omnino
1125 2379 1277 2458 formidine

266 2489 479 2585 percellunt.
530 2487 686 2557 Veteres
713 2485 822 2558 etiam
849 2485 1060 2578 plerumque
1084 2505 1162 2556 eam
1188 2475 1223 2550 de
1243 2477 1277 2548 se

266 2595 358 2661 metir
391 2583 602 2656 sententiam
631 2582 828 2672 foverunt,
862 2582 956 2674 quasi
984 2577 1182 2674 praenuncii
1204 2571 1279 2648 eun

266 2703 473 2777 magnarum
502 2679 767 2768 calamitatum,
794 2702 814 2752 a
838 2679 984 2755 Summo
1009 2677 1173 2753 Numine
1196 2671 1280 2746 imne-

267 2783 363 2854 diate
388 2774 472 2851 missi
498 2776 541 2850 ad
566 2765 1090 2880 peccatores,'praemonendos
1110 2777 1174 2849 &c
1201 2763 1280 2844 nom

267 2889 386 2952 autem
414 2875 482 2948 eui
513 2873 727 2948 Astronomi
755 2885 977 2947 cometarum
1004 2865 1280 3030 observationibffi

267 2979 318 3049 ita
348 2973 589 3062 delcetantur,
623 2985 664 3045 ut
684 2973 841 3066 primus,
871 2972 931 3065 qui
957 2971 1093 3045 stellam
1125 2970 1256 3060 talento

265 3071 486 3161 servaverit,
518 3092 591 3164 pra
623 3070 754 3163 gaudio
785 3070 862 3142 sere
895 3069 1044 3144 exultet.
1094 3065 1171 3172 Qui
1199 3033 1280 3136 hlend

264 3175 335 3246 iter
363 3169 526 3260 saciunt,
555 3165 750 3240 observant
771 3167 860 3260 saepe
883 3168 921 3240 in
951 3161 1176 3240 tenebricosa
1195 3155 1279 3266 nollo

263 3268 493 3347 scintillulam
517 3264 626 3337 instar
649 3265 750 3352 grani
771 3264 932 3357 pulveris
959 3263 1056 3358 pyrii
1078 3264 1117 3336 in
1139 3268 1216 3334 aere
1231 3268 1279 3328 cto

264 3365 470 3453 accensam,
497 3364 620 3435 locum
647 3361 841 3450 illustrare,
866 3362 965 3455 quod
991 3361 1123 3457 vulgus
1147 3353 1279 3452 speum

264 3465 333 3540 elle
364 3462 490 3536 credit.
541 3460 639 3532 Mari
667 3459 880 3550 navigantes
907 3461 1063 3552 Collorem
1096 3459 1279 3542 Particum

262 3577 305 3636 ut
326 3559 441 3633 tristia
466 3559 653 3630 intuentur
676 3555 851 3649 praesagia.
906 3555 965 3629 Ad
987 3559 1119 3652 speum
1142 3553 1199 3624 illa
1213 3535 1279 3640 quel

263 3659 445 3756 pertinet,
477 3657 618 3749 Vulgus
653 3653 821 3726 Historia
855 3654 1028 3726 naturalis
1056 3619 1279 3736 nescium&

261 3774 429 3850 tempore
445 3752 625 3826 nocturno
638 3751 815 3844 saepiffime
832 3749 1205 3846 eonspetladivulgat3

265 3852 498 3930 econtrario
530 3869 657 3923 verum
690 3851 761 3921 tale
796 3849 1064 3943 phaenomenon
1096 3843 1240 3942 spet'rrot

263 3951 421 4051 Physicis
450 3967 556 4043 quam
577 3947 745 4022 rarillrme
772 3945 991 4043 apparuisse,
1017 3969 1063 4022 ex
1091 3931 1278 4104 ‘'bsemdn

1086 4063 1090 4068 ,
1203 4055 1233 4113 m
