2578 4770
149 289 388 370 MATERIA
415 273 626 369 'nffiulcn
654 285 890 370 LAPIDEA.
945 271 949 282 ’
989 307 1054 384 133

46 471 122 544 lenm
140 469 239 550 nobis
266 469 386 562 dedit,
410 492 538 546 corum
561 469 872 567 locupletillimam
893 467 1055 544 Modica·

42 571 156 662 ninom,
189 589 266 664 quae
302 566 495 664 prasertim
528 591 574 644 ex
603 571 714 664 Regno
745 573 922 664 Venerabili
950 567 1053 642 colli·

38 681 147 760 conor,
182 687 333 760 qnaeque
365 665 403 740 in
431 665 722 762 Phamnncopoeis
752 667 884 741 nostris
920 665 1053 740 morito

37 765 248 838 recondantur.
302 763 386 840 Nec
410 785 524 858 opera
545 764 605 840 firo
632 765 750 838 defuit
766 763 963 838 Medicinae
979 761 1054 836 Ad·

39 860 136 950 junton
152 861 487 956 Experientilfimus
504 861 554 937 D.
572 863 621 937 D.
643 853 802 936 srnnn‘rr
829 863 867 936 in
889 863 933 936 iis
949 865 1054 956 juxta

41 959 177 1052 ennon,
214 981 297 1054 quae
324 981 369 1034 ox
399 983 495 1056 regno
526 961 676 1036 Animnlc'
710 960 903 1036 eliciantur
931 957 1053 1034 salutis

46 1055 158 1216 {mllio
220 1057 316 1131 Cum
351 1078 444 1132 vero
478 1058 625 1134 tertium
655 1057 771 1132 adhuc
798 1057 976 1150 reliquum
1010 1055 1053 1130 fit

48 1149 142 1226 lmrc
155 1154 346 1252 Regnum,
372 1155 548 1230 videlicet
561 1157 763 1254 lapidum,
789 1153 959 1250 quodque
978 1177 1050 1228 mn·

42 1269 94 1322 nun
117 1251 188 1326 satis
223 1255 363 1348 largam
398 1253 507 1328 nobis
543 1255 730 1350 porrigere
764 1253 952 1342 videnum
992 1273 1051 1330 me

40 1365 140 1436 operam
155 1351 302 1444 prorsus
318 1373 394 1426 non
415 1351 581 1426 inutilem
596 1351 740 1448 novelle
754 1351 1050 1442 existimaverim,

36 1441 122 1533 ineius
145 1447 344 1540 Materiam
373 1449 580 1542 Medicam,
614 1448 727 1524 l'altim
762 1471 832 1544 qun
862 1449 922 1524 lim
951 1449 1050 1538 licio,

39 1536 178 1628 specimine
198 1543 429 1621 Academico
454 1548 637 1642 explicere
661 1547 859 1644 adgredior.
910 1471 961 1648 ἐι
976 1567 1051 1640 quo

37 1633 180 1717 inoleret
203 1643 451 1736 concinnius,
481 1665 636 1739 cumque
662 1645 778 1742 prima
805 1645 1050 1740 palmariaque

36 1731 223 1834 incognitio
262 1739 491 1836 specierum,
538 1743 641 1818 Nob.
679 1743 767 1818 Dzn.
810 1741 1046 1818 PRAESIDIS

39 1831 132 1938 Sllmn
162 1843 330 1929 Nature,
371 1851 480 1934 atque
509 1837 567 1916 Ex
595 1841 812 1916 erientiffimi
847 1839 1047 1918 Celeberri-

37 1947 112 2022 ΜΗΘ
131 1933 201 2012 Dn.
228 1937 281 2014 D.
309 1935 456 2012 Proseis.
483 1937 516 2032 J.
578 1939 865 2014 ,WALLERll
895 1941 1045 2014 Mineru-

33 2027 106 2116 logion
125 2033 218 2130 sequi
246 2033 540 2156 consultillimum
567 2033 666 2114 duxi.

443 2231 477 2322 §-
529 2225 627 2310 11..

72 2353 169 2470 'Quor
192 2359 306 2434 nobis
326 2361 465 2455 praebet
481 2362 555 2438 hoc
578 2361 745 2460 Regnum
765 2365 1043 2456 medicamento,

39 2447 287 2542 nonistorum
307 2457 626 2554 deprehenduntur
646 2477 688 2536 ut
706 2463 922 2557 plurimum3
951 2485 1043 2556 quc-

37 2563 154 2632 llttum
179 2579 201 2630 a
226 2555 316 2630 vitae
340 2557 481 2632 viribus
503 2557 694 2634 difficulter
712 2560 869 2656 superari
893 2561 1043 2634 videan-

32 2653 75 2734 tlt,
91 2669 147 2726 nec
163 2653 430 2754 inclimentum
443 2653 620 2755 Corporis
634 2657 883 2733 facile¹dcduci
895 2669 1042 2754 queant,

28 2739 151 2838 Pleraque
172 2751 327 2826 nomine
344 2751 701 2830 Medicamentorum
723 2755 957 2832 heroicorum
979 2779 1042 2828 ve-

28 2853 100 2932 lere,
136 2863 245 2944 atquc
272 2849 311 2924 in
347 2849 392 2922 iis
421 2851 639 2946 potiffimum
678 2856 814 2930 casibus
854 2853 1041 2952 propinari

25 2925 194 3047 fluerunt,
235 2947 365 3042 quibus
392 2947 531 3044 reliquo
557 2947 623 3023 vix
648 2949 837 3027 suffectura
867 2965 1043 3046 putarunt

24 3025 97 3129 i111,
116 3045 216 3136 praxi
240 3045 390 3120 Medica
416 3045 675 3138 Celeberrimi;
704 3047 841 3124 scilicet
868 3049 940 3124 rati

157 3143 224 3218 Uli
249 3146 352 3216 durus
380 3149 479 3220 nodus
502 3149 606 3220 durus
632 3171 761 3222 cuneus.
882 3173 890 3190 ·

431 3345 465 3434 §-
517 3339 584 3414 111.

84 3463 260 3567 Malorum
282 3475 378 3552 haud
402 3479 508 3590 pauci
539 3479 619 3574 plus
651 3479 895 3576 superstitioni
922 3481 1038 3560 velifi-

21 3569 113 3676 “ssteq
131 3593 245 3674 ¹quom,
271 3575 365 3668 orti,
399 3597 436 3648 1n
462 3575 786 3654 Pharmacothccas
821 3581 1039 3680 ingcllerunt

22 3643 192 3755 farraginem
218 3671 417 3766 rapinum,
443 3687 515 3750 tam
533 3675 711 3774 nonarum
737 3701 841 3772 qnam
862 3681 1036 3779 roricum,

22 3765 136 3856 luorum
163 3769 306 3863 plurimi
330 3793 456 3866 parum
481 3775 543 3846 vel
570 3776 723 3848 omnino
748 3779 840 3850 nihil
862 3779 930 3852 Rci
954 3778 1035 3849 Me·

23 3840 303 3968 dltaendtulerunt
328 3867 569 3962 incrementi,
603 3871 737 3968 quippe
764 3877 824 3966 qui
853 3871 1038 3949 odoris&

22 3935 119 4034 silonis
136 3977 324 4060 expertes,
352 3989 421 4042 nec
443 3965 648 4138 sollvuntur,
674 3993 792 4068 neque
805 3973 909 4046 aliam
928 3971 1039 4043 ullam

123 4107 128 4118 ·
397 4083 406 4098 ·
529 4087 548 4160 3
900 4069 1038 4146 habent
