2568 4764
109 200 113 208 ’
218 269 292 360 276
338 258 559 341 ausura
588 258 930 340 uusucronuu
958 261 1140 342 monn.

213 461 315 521 mum
345 442 601 516 canotum
632 441 703 516 uu
730 442 873 518 ⁴(mssa
906 443 1125 540 nostratem,
1168 447 1254 541 cun

217 555 337 616 utrum
363 540 537 614 virtutem
561 541 694 638 magis,
722 564 767 614 an
790 541 1032 616 eruditionem
1055 543 1093 616 in
1114 545 1192 619 hoc
1211 543 1253 617 lit·

216 655 374 713 terarum
400 661 532 734 genere
564 638 764 713 inufitatam
791 639 911 714 mirari
942 639 1092 732 deceat,
1119 643 1253 714 dubium

216 737 280 810 est.
329 735 364 809 Is
389 736 507 828 enirn,
534 736 572 810 in
596 757 722 830 magna
748 758 867 810 rerum
897 737 1059 812 omnium
1083 739 1254 813 affluentia

217 833 429 907 &fortune
458 835 562 906 velut
584 834 721 930 gremio
751 833 988 927 constitutus,
1013 836 1254 930 voluptatibus

215 928 383 1007 facessere
404 927 520 1022 jullis,
548 931 646 1024 quod
662 944 803 1026 tempus
821 929 904 1022 alii,
920 931 1037 1006 ⁴seculi
1059 933 1185 1025 vitio,
1207 953 1251 1006 ve

213 1025 449 1120 nationibus,
472 1027 854 1120 confabulationibus,
878 1029 1008 1102 lusibus
1033 1029 1192 1124 aliisque
1208 1051 1253 1102 ta·

213 1125 762 1226 narum-mentiumaillecebris,
788 1127 1048 1201 inconsiderate
1068 1123 1253 1218 insumunt,

214 1225 274 1317 id,
297 1223 455 1298 animrun
475 1245 495 1295 a
519 1223 650 1297 ceteris
679 1224 836 1320 negotiis
869 1224 1063 1317 prudenter
1088 1247 1251 1316 avocans,

213 1321 375 1397 honestis
404 1321 603 1395 &liberali
634 1321 782 1395 homine
813 1322 929 1418 dignis
969 1323 1187 1416 hujusmodi
1210 1346 1248 1396 re-

213 1420 462 1494 creationibus
499 1419 686 1513 impendit.
752 1418 930 1514 Equidem
965 1421 1009 1492 ab
1043 1419 1250 1494 adulationis

213 1519 365 1592 crimine
391 1538 496 1609 quam
521 1515 718 1611 longissime
742 1515 882 1608 absum,
917 1537 997 1590 curn
1019 1517 1171 1610 apicem
1194 1519 1252 1592 sen

213 1615 381 1688 Scientiae
411 1614 515 1706 hujus
542 1613 635 1686 Eum
663 1611 814 1710 tetigisse
843 1613 1040 1690 contendo,
1102 1615 1254 1711 Optimis

212 1710 462 1806 microscopiis
497 1709 625 1785 inserta
658 1711 791 1808 singula
823 1711 1053 1806 perlustravit
1082 1731 1176 1788 cum
1202 1714 1253 1788 Le·

213 1809 446 1897 wenhoeki03
489 1807 685 1882 acutissimo
718 1809 815 1882 ferro
855 1808 1005 1902 subjecit
1034 1808 1070 1883 dt
1099 1811 1257 1904 dilicuit

212 1929 296 1981 cum
330 1905 670 1981 Swamrnerdamio:
705 1907 841 1997 vitam,
867 1906 1064 2003 originem,
1091 1907 1257 1995 familiar,

211 2004 389 2093 instituta,
414 2025 555 2094 mores,
579 2001 698 2095 sedes,
723 2001 909 2098 sponsalia,
932 2005 1180 2098 mutationes,
1197 2031 1257 2081 cre·

210 2101 276 2176 bra
292 2101 327 2176 δι
343 2103 518 2176 continua
534 2099 842 2176 animadverfione
860 2101 1040 2196 perspexit
1051 2125 1142 2178 cum
1153 2103 1258 2178 Reau·

210 2201 351 2276 murio:
378 2200 416 2274 in
436 2199 556 2272 classes
573 2198 787 2291 domines,
814 2199 1067 2295 vigilantissimi
1084 2199 1198 2276 ducis
1216 2203 1260 2274 iu-

209 2299 281 2376 star
296 2297 449 2393 digessit:
475 2299 577 2389 cujus
593 2297 647 2369 rei
662 2297 777 2390 prima
791 2297 1009 2370 documenta
1028 2297 1257 2374 manifestisi-

209 2419 269 2472 ma
296 2396 428 2469 civitas
458 2394 618 2467 litterata
649 2405 764 2488 nuper
790 2393 885 2466 vidit
913 2395 950 2468 in
983 2396 1101 2488 primo
1144 2411 1258 2472 tomo:

212 2495 387 2568 Mirnoires
406 2510 490 2587 pour
510 2494 624 2586 seroir
646 2495 667 2564 ὰ
686 2493 857 2582 l'Hilioire
880 2497 933 2566 des
955 2493 1099 2588 Inseller.
1142 2499 1257 2571 Slotll.
1282 2553 1283 2592 3

211 2613 318 2685 ¹752·
345 2605 451 2684 quart.
490 2589 667 2681 Reliquos
692 2588 885 2664 avidissime
912 2590 1177 2683 exspeflamus.

304 2787 396 2892 Quae
410 2782 674 2859 Celeberrimos
695 2782 886 2858 PRAESES
910 2786 948 2860 in
962 2784 1108 2881 fingulis
1130 2803 1259 2863 natur

209 2883 328 2980 regnis
357 2882 572 2956 illustrandis
597 2882 821 2976 praestiterit,
854 2883 1002 2956 notiora
1026 2882 1134 2976 stmt,
1166 2907 1281 2980 quam:

209 2997 251 3055 ut
273 2981 382 3077 longa
402 2981 483 3054 heic
504 2979 852 3053 commemoratione
877 2981 1071 3078 indigeant.
1090 3002 1102 3014 ·
1129 2983 1262 3079 Merita
1280 2979 1281 3014 ³

207 3079 297 3174 Ejus
315 3079 476 3174 ingentia
493 3078 553 3150 vel
577 3099 784 3152 enumerare
808 3076 922 3150 solum
945 3077 1086 3151 invidia
1111 3103 1280 3162 nones-1

207 3191 325 3267 reret,
352 3198 422 3269 qua
444 3186 593 3270 propter
613 3175 715 3265 aliis,
743 3175 804 3267 qui
825 3174 1014 3268 facundia,
1039 3197 1119 3250 non
1142 3195 1264 3252 autem

208 3273 361 3364 affeetu,
393 3271 543 3344 vincere
573 3293 631 3344 me
684 3269 823 3364 ossunt,
858 3273 979 3347 laudes
1012 3273 1103 3366 Ejus
1138 3301 1279 3370 perce-1

206 3370 395 3446 lebrandas
424 3371 604 3462 relinquo,
654 3295 862 3461 flevero,
896 3369 1039 3463 quaest
1071 3371 1268 3469 diligentia

207 3472 242 3542 ἂ
262 3465 500 3562 perspicacia,
525 3465 713 3559 poslquam
737 3465 774 3540 in
794 3467 925 3540 ceteris
948 3481 1085 3542 naturae
1108 3471 1270 3563 prosiu-

207 3567 275 3640 ciis
307 3563 430 3637 omnia
456 3565 526 3636 rite
556 3561 759 3636 instituisset
788 3565 822 3637 &
848 3565 1061 3657 ordinasset,
1096 3565 1278 3646 omnium*

206 3663 341 3757 primus
362 3661 436 3734 A:o
459 3683 549 3753 1735
565 3661 598 3732 lic
614 3659 744 3733 deinde
766 3683 858 3755 1740
881 3663 917 3735 in
941 3663 1127 3755 systemate
1144 3667 1257 3742 Natu

205 3783 253 3834 rae
277 3763 399 3833 Genera
428 3756 639 3830 insectorum
666 3756 841 3832 formavit
868 3761 1092 3854 familiasque
1115 3787 1271 3856 eorum,

205 3857 395 3932 hincinde
419 3855 513 3947 quasi
544 3854 733 3948 dispersas,
759 3857 795 3929 in
823 3858 986 3933 ordinem
1006 3857 1156 3955 digessit.
1214 3863 1251 3936 U

203 3977 296 4030 vero
328 3955 420 4028 banc
441 3951 702 4050 ,cognitionem
730 3951 911 4049 discipulis
941 3955 1033 4050 suis,
1062 3957 1203 4051 quibus
1234 3959 1257 4032 s

1134 4068 1271 4133 totum
