2572 4756
245 263 390 343 NOXA
420 263 774 348 INSECTORUM.
967 291 1039 369 337

36 449 193 526 annalium
209 470 336 546 genere
352 443 532 534 difficillus
552 447 828 544 dignoscimur,
855 467 961 542 quam
982 449 1037 526 in·

34 547 174 625 sessorum.
222 547 289 620 Sed
312 547 496 620 valentior
520 545 570 620 est
593 569 635 620 ea
651 547 768 637 ratio,
796 547 893 640 quod
912 547 1038 625 eadem

31 645 126 721 inscita
153 647 185 718 iu
219 643 357 722 scenam
390 643 523 718 theatri
559 643 746 736 animalis,
786 643 892 716 vario
924 647 1038 722 modo

31 743 142 840 vellite,
167 741 360 838 prodeant:
395 741 530 815 etenim
560 743 695 837 triplici
723 743 894 836 pleraque
922 747 1037 840 cultu,

30 863 116 934 eoque
136 841 223 914 inter
251 837 285 914 sc
309 838 538 913 divccscllicno
565 841 793 914 amiciuntur.
846 839 887 914 ln
913 855 1040 917 tenera

30 938 253 1014 eqourum
283 937 437 1010 induunt
462 941 569 1030 plane
594 937 827 1034 fingulnrem3
857 937 893 1012 in
920 939 1040 1014 media

35 1039 140 1110 socnam
164 1041 348 1110 cocrllunn
379 1035 552 1126 habent,‘
569 1037 621 1109 illi
650 1037 794 1130 penitus
825 1035 1038 1125 absimilem

36 1137 115 1210 edulu
151 1133 306 1226 denique
343 1137 430 1208 ncilla
469 1149 693 1220 cernentum
742 1147 986 1230 qoanusmque
1020 1157 1041 1210 a

35 1231 191 1306 cessedius
212 1230 412 1323 discrepat,
444 1245 583 1306 tantun
608 1232 716 1305 eciam
740 1255 761 1304 a
787 1232 934 1326 pristina
962 1245 1042 1309 tom

30 1329 112 1422 specie
138 1328 291 1402 adultior
331 1329 479 1404 abludit.
543 1329 727 1404 Nimirum
761 1332 878 1402 multo
914 1331 951 1406 in
983 1331 1039 1404 his

30 1431 113 1520 plures
133 1426 312 1522 magisque
337 1425 561 1524 prodigiosas
583 1425 891 1522 metamorphoses
912 1441 1041 1504 natura

29 1523 166 1615 ostendit,
203 1545 310 1616 quan
343 1523 381 1600 in
413 1527 566 1599 cerebro
600 1547 759 1617 unquam
793 1523 947 1626 lingeret
977 1527 1041 1602 vel

28 1623 129 1694 Ouidio
151 1620 225 1716 ipso
251 1621 296 1696 acl
318 1617 525 1718 fingendum
549 1622 714 1718 pronior.

434 1764 468 1854 s.
516 1757 630 1834 111.¹

90 1873 199 1976 Quare
219 1877 392 1950 omnibus
412 1875 545 1952 sciendi
566 1878 730 1974 cupidis,
753 1891 795 1952 ut
811 1880 967 1974 primurn
986 1883 1040 1960 in·

25 1961 84 2039 iesu
104 1971 263 2066 visitant,
288 1995 436 2068 cunpus
462 1973 682 2070 exspatiandi
710 1977 869 2074 aperitur
894 1978 1041 2056 vastiffi·

23 2083 91 2156 nus,
111 2067 232 2164 inquo
250 2072 395 2166 oculos,
418 2071 574 2166 animos,
599 2073 744 2170 ingenia
763 2073 919 2168 pascant.
934 2077 1040 2154 18ive

21 2164 89 2235 cuin
109 2167 211 2242 nidos
244 2189 395 2262 emon,
426 2169 706 2246 &miraculoso
739 2173 847 2266 plane
880 2171 1039 2255 artificio

22 2253 113 2336 lincis
134 2265 353 2342 incunabula
377 2265 547 2358 lustrare,
578 2269 653 2342 ssve
680 2267 899 2362 sponsalibus
927 2271 1040 2346 inter-

23 2355 83 2450 cslc,
104 2365 236 2458 nuptiis
260 2363 491 2459 &repotiis‚
521 2365 594 2440 slve
618 2367 717 2440 mille
744 2367 934 2442 coloribus
963 2367 1038 2444 foc·

25 2455 121 2550 uisque
136 2462 277 2536 varium
294 2463 332 2536 in
348 2461 460 2536 variis
476 2461 646 2536 vestitum
664 2463 852 2554 admirari,
876 2463 950 2538 sule
965 2465 1039 2540 fec-

23 2559 145 2632 sentium
164 2563 201 2634 in
221 2581 336 2654 opere
357 2583 455 2634 nunc
475 2561 680 2655 manipulos
700 2559 912 2654 circumire,
938 2574 1039 2640 nune

19 2647 141 2730 densiora
158 2659 323 2753 agmina,
349 2658 422 2732 five
445 2669 566 2732 cetera
583 2657 740 2752 denique
759 2658 1038 2756 Omnipotentis

17 2749 127 2826 virtutis
155 2755 294 2828 indicia
329 2755 569 2850 contemplari
603 2755 800 2850 placuerit3
842 2759 886 2832 ed
918 2780 1038 2840 novas

13 2851 154 2926 continue
182 2850 483 2943 observationes,
518 2873 587 2928 nec
610 2854 732 2930 audita
760 2857 873 2952 vulgo
895 2859 1038 2952 experi-

13 2963 103 3022 ncnta
124 2951 269 3026 occasio
283 2950 421 3043 aderit,
444 2970 522 3026 non
537 2952 751 3044 querende,
776 2951 833 3028 sed
852 2955 950 3028 ultro
967 2954 1039 3034 sese

13 3043 149 3122 offerens.
199 3047 317 3122 immo
336 3049 465 3122 incolae
487 3048 586 3144 globi
607 3048 787 3140 terraquei
803 3051 892 3124 nulli
919 3065 1038 3127 tantas

13 3143 103 3214 ubas
126 3157 315 3238 uncosque
338 3145 447 3220 rebus
474 3146 679 3240 &publicis
704 3145 908 3240 &privatis
934 3147 1037 3224 indu.-

12 3253 76 3312 cunt
99 3241 376 3336 viciffitudines,
405 3257 554 3336 quantas
583 3243 637 3318 he
661 3242 823 3320 bestiole
845 3245 954 3320 etiam
981 3247 1036 3318 vi-

12 3327 62 3408 icn
82 3338 239 3426 nolu-um
263 3340 352 3436 sepe
376 3341 569 3436 sagienses.

83 3435 203 3529 Atque
248 3435 580 3512 UTlLITATElll
625 3437 769 3532 quidem
821 3437 1038 3520 infestorum

12 3531 124 3618 publice
158 3535 490 3610 commonstrarunt
518 3535 623 3610 multi
654 3527 704 3624 ³).
754 3535 862 3611 Haud
898 3560 1037 3632 paucos

12 3769 13 3780 Ν
506 3757 585 3770 ....
923 3653 1035 3730 juvit,

34 3789 67 3872 ¹)
92 3797 122 3858 ln
148 3801 196 3862 bis
227 3803 368 3878 imprimis
392 3803 556 3866 laudandus
586 3803 654 3869 [κη.
683 3803 789 3867 Christ.
816 3805 980 3870 uloruunc
1004 3807 1038 3868 ln

12 3865 97 3944 lineet.
113 3883 209 3942 Acad.
223 3883 261 3940 dc
281 3881 331 3959 usca
351 3885 523 3964 cognitionis
544 3881 718 3963 infeslarum.
761 3887 860 3948 Abeo
877 3901 963 3968 1747.
982 3899 1036 3966 420

12 3955 42 4024 qu
54 3955 123 4022 lianc
141 3979 254 4036 partem
269 3964 307 4026 ccl
322 3967 453 4027 omnium
469 3981 544 4030 vete
565 3965 703 4030 absolut.

46 4041 210 4120 Teum.
578 4049 615 4124 Y
