2626 4754
275 233 593 371 uusrrucrro
622 249 795 333 Musrr.
990 218 1075 352 453,
1175 197 1193 236 ‘'

10 433 207 532 paritatem
224 435 429 534 lagenarum
452 437 505 510 ita
522 435 784 531 respiciendum
805 432 879 524 est,
900 443 944 508 ut
961 432 1064 510 unul
1109 493 1114 498 .
1202 391 1210 420 ’

12 536 309 708 ῗέῃὲὲῗωᾶαω,
328 537 364 610 dc
386 535 558 632 decorem
587 532 706 610 Musei
741 529 977 610 obtinendam
1010 545 1063 608 at-

476 737 510 825 §.
556 730 600 804 Χ.

111 863 153 964 1)
178 872 396 980 Quadrupeda
409 873 574 966 minora,
598 885 641 948 ut
657 874 806 965 Mures,
832 865 1073 964 &Embryo

6 986 76 1040 nes
109 969 316 1045 animalium
347 974 546 1064 majorum,
580 971 821 1046 communiter
843 969 882 1044 in
909 967 1061 1065 lagenis,

7 1067 70 1160 Sp.
88 1069 129 1143 V.
145 1069 315 1162 repletis,
338 1067 536 1144 servantur.
585 1070 746 1164 Majora,
768 1081 810 1143 ut
824 1065 1061 1162 Elephanres,

2 1160 301 1258 Rhinocerotes,
344 1165 507 1258 Cameli,
539 1167 706 1259 Leones,
742 1161 883 1258 Simiae,
920 1162 1061 1251 Zebrae,

2 1262 231 1337 excorianda'
256 1263 359 1358 sunt,
389 1265 489 1337 coria
516 1263 762 1354 refercienda,
796 1273 943 1358 aparte
970 1258 1075 1362 inse·¹

2 1357 101 1431 riori
132 1360 358 1456 consuenda,
392 1361 582 1437 &animal
612 1363 650 1436 in
676 1362 832 1458 posrtum
862 1357 1062 1464 neutralem

3 1455 249 1532 formandum.
1072 1489 1074 1496 ·

107 1565 150 1665 a)
179 1579 299 1649 Crania
315 1576 604 1670 quadrupedum,
628 1573 812 1656 Dentibus
836 1567 1062 1646 instructa&

2 1669 53 1742 ad
75 1671 277 1746 albedinem
296 1672 420 1766 cosia,
450 1674 523 1747 sme
544 1671 711 1747 ulteriori
732 1668 995 1768 preparatione
1020 1667 1074 1744 in'

2 1767 139 1842 Museo
162 1785 411 1864 reponuntur,
436 1792 517 1846 cum
545 1791 677 1866 genera
701 1770 907 1844 animalium
928 1767 1060 1840 horum

1 1885 84 1958 ope
105 1866 380 1966 dignoscantur,
416 1870 450 1944 dc
480 1859 701 1942 charaoeres
723 1888 896 1966 generum
928 1885 975 1940 ex
1002 1861 1060 1942 his

1 1977 191 2040 eruantur.

104 2073 148 2174 3)
174 2081 271 2157 Aves
294 2081 437 2157 diverso
461 2079 574 2156 modo
600 2081 733 2156 servari
760 2081 926 2179 pollunt3
960 2105 1074 2158 com·-

0 2239 1 2244 ,
38 2179 203 2256 rmillime
219 2179 362 2254 exuviis
379 2179 533 2254 infertis.
584 2178 678 2253 Avis
694 2179 740 2254 sc.
758 2191 916 2272 necatae,
942 2181 1058 2254 adbuc

24 2277 181 2368 alentis,
214 2275 339 2352 srfieri
369 2276 511 2372 potest,
537 2276 630 2350 cutis
653 2276 841 2351 dissecatur
862 2277 1058 2372 longitudi-

3 2376 137 2450 aliter
158 2375 253 2450 inter
269 2375 460 2466 humeros,
487 2373 603 2469 digito
619 2376 681 2447 vel
696 2373 863 2468 scalpello
884 2399 905 2448 a
920 2373 1057 2448 muscu-

1 2473 47 2546 lis
78 2471 282 2567 separatim
314 2486 392 2548 tum
417 2473 587 2546 eximitur
614 2485 764 2544 truncus
790 2485 913 2563 totus,
942 2472 993 2544 ita
1014 2483 1058 2544 ut

1 2570 190 2662 manium,
223 2569 343 2660 tibiae,
378 2591 506 2664 pennae
538 2567 766 2642 rectrices&
794 2569 946 2665 remiges
979 2569 1056 2642 cuti

1 2669 172 2760 separatae
203 2667 416 2742 adbaereant.
449 2749 454 2756 ,
479 2665 609 2740 Omnis
646 2663 831 2762 pinguedo
850 2667 1055 2766 auferatur,

1 2763 100 2838 :utis
120 2761 232 2838 adbuc
249 2763 396 2838 humida
411 2763 509 2837 intus
524 2761 750 2858 adspergatur
762 2765 914 2858 pulvere
924 2762 1054 2856 Alo'e‘s,

2 2861 179 2956 ldyrrbae,
200 2862 235 2933 u
248 2859 550 2954 Colocynthidis,
575 2859 705 2934 aliisve'
721 2863 1055 2958 aromatibusaca·

2 2983 62 3033 *os
84 2959 303 3054 fugantibus.
355 2959 500 3032 Deinde
528 2959 718 3052 impleatur
743 2959 867 3052 stupa,
891 2958 949 3031 sed
971 2981 1071 3032 cau·-

2 3081 56 3148 e,
86 3069 130 3130 ut
154 3057 352 3130 nanualem
385 3055 464 3128 avis
496 3053 689 3149 polituram
714 3055 790 3128 haec
820 3056 940 3150 imago
970 3053 1054 3126 alle·

2 3169 152 3250 puatur,
179 3153 249 3228 &a
266 3151 373 3226 dorso
400 3149 612 3242 consuatur,
640 3173 687 3226 ne
707 3174 776 3245 qua
796 3163 969 3245 aperturae
989 3171 1052 3223 ve·

2 3251 103 3346 ligia
127 3250 332 3344 adpareant.
384 3247 530 3324 Deinde
553 3247 593 3322 in
614 3247 782 3340 furnum,
811 3247 918 3323 coeio
944 3269 1067 3343 pane,

4 3349 227 3441 mmittattu,
256 3361 298 3422 ut
314 3369 431 3442 prope
447 3346 608 3420 siccetur.
654 3345 739 3420 Hoc
754 3346 867 3420 modo
881 3345 1053 3422 facillime

7 3443 211 3520 roceditur
225 3445 556 3540 commembribus,
582 3445 689 3530 Picis,
712 3445 915 3540 Anseribus,
943 3439 1054 3542 Puffe-¹

4 3550 113 3630 ibus,
143 3554 327 3636 utcunque
349 3543 459 3615 etiam
487 3561 570 3613 cum
594 3541 760 3626 Gallinl55
785 3539 845 3614 sed
869 3545 1051 3637 Scolopacrs

4 3639 140 3714 autius
158 3637 361 3733 trasiandae,
378 3651 509 3734 utpote
525 3659 674 3730 quarum
688 3637 782 3712 cutis
799 3638 962 3713 tenerior
985 3637 1051 3730 est,

5 3766 12 3812 ;
52 3736 299 3810 lacerabilior.
355 3736 432 3812 Dn.
460 3735 642 3808 Reaumur
669 3735 760 3810 solet
788 3759 893 3810 avem
919 3749 1051 3828 totam,

5 3863 18 3912 ι
63 3833 169 3908 situm
191 3834 389 3908 naturalem
418 3831 677 3926 compositam,
710 3833 750 3908 in
775 3833 884 3908 furno
904 3833 1055 3924 occare,

5 3962 9 4008 ι
38 3933 145 4008 intra
160 3931 257 4008 vitra
274 3930 391 4010 clausa
408 3933 616 4102 ⁶⁰u⁰⁶}¹}'
644 3943 687 4006 ut
700 3929 897 4008 Dermestae
915 3929 947 4002 dr
964 3929 1069 4106 fha.¹

226 4041 234 4050 ·
624 4047 646 4124 3
978 4046 1054 4100 enae
