2578 4770
239 261 322 340 130·
616 229 928 306 EUPHORBIA.

240 415 368 504 illum,
406 411 495 484 loco
531 407 820 500 Cantharidum,
862 410 957 484 inter
995 409 1182 504 vastatoria
1212 411 1274 484 hau

238 513 332 593 male
370 507 441 592 else
474 507 718 582 referendum.
786 507 822 580 T
824 508 991 602 ithymali
1021 510 1115 597 Lac,
1150 511 1274 582 vacrin

239 609 418 698 mixtum,
451 605 496 680 ad
519 605 662 680 roseum
690 606 952 700 adquirendum
983 609 1171 696 colorem,
1200 607 1274 680 faci<

239 707 390 782 illinunt
417 703 654 778 formosrtatis
685 703 871 796 studiosae,
896 707 1024 779 nativa
1047 728 1124 778 non
1155 717 1274 776 conter

240 820 313 896 tae,
347 803 496 898 puellae;
530 801 629 896 quod
651 803 676 877 fi
703 824 795 876 vero
821 803 928 896 hujus
954 803 1137 878 linimenti
1166 800 1229 876 liat
1251 825 1274 874 n:

240 903 315 980 mia
341 900 541 996 reperiti0,
565 901 755 994 maiorque
775 900 932 975 sumatur
957 902 1071 994 dosa,
1107 901 1160 974 ita
1182 915 1274 974 nocer

240 1014 284 1075 nt
303 1013 384 1075 tota
406 997 520 1073 facies
548 997 834 1072 exulceretur&
859 996 1081 1074 excorietur.
1132 997 1274 1076 Sanandi

240 1101 404 1174 ulceribus
437 1102 624 1172 cacoithiris
652 1096 687 1169 u
712 1094 889 1190 sordidis,
915 1095 1040 1172 succus
1066 1098 1173 1172 hicce
1202 1095 1274 1170 inser

242 1198 322 1290 vit,
355 1217 483 1270 carnes
515 1195 614 1270 enim
641 1193 850 1291 spongiosas
883 1197 1062 1270 corrodit.
1125 1193 1274 1290 Imprinl

242 1311 358 1388 ver0,
394 1306 536 1388 quanta
561 1292 604 1366 srt
627 1292 797 1366 utilitatis
827 1315 869 1367 ac
894 1295 1065 1386 virtutis,
1096 1294 1181 1367 dum
1211 1293 1274 1378 adh}

242 1395 350 1468 betur
370 1391 414 1466 ad
430 1413 608 1484 equorum
628 1393 751 1465 ulcera
777 1389 1023 1488 purificanda,
1049 1393 1124 1486 illi,
1155 1411 1274 1487 quoru

242 1489 414 1582 interest,
440 1491 580 1585 optime
607 1501 757 1564 norunt.

329 1669 475 1744 Pulvere
495 1669 521 1744 li
538 1668 715 1765 punttura
731 1689 955 1762 nervorum,
979 1665 1149 1762 illusque
1170 1668 1274 1762 serpet

244 1781 323 1842 tum
343 1765 619 1864 adspergantur,
647 1767 755 1841 dolor
779 1766 865 1844 inde
882 1766 1136 1864 compescitur.

340 1955 386 2037 In
410 1965 505 2038 Caria
528 1963 648 2064 Offium
671 1965 723 2040 est
745 1965 806 2038 hic
824 1965 1012 2040 heroicum
1030 1965 1211 2061 quoddam
1227 1959 1274 2032 lh

245 2062 439 2154 dicamen,
474 2064 578 2157 cujus
612 2085 699 2160 ergo
734 2062 834 2138 usum
866 2064 896 2138 F
898 2065 1055 2159 allopius
1090 2063 1186 2137 tanti
1220 2057 1274 2132 alli

245 2160 383 2251 mavit,
418 2173 462 2234 ut
490 2183 560 2256 pro
594 2161 778 2236 infallibili
819 2162 1083 2256 certillimoque
1117 2155 1274 2255 reputaris

245 2259 393 2334 Pulveri
423 2258 685 2333 sternutatorio
717 2260 936 2334 immiscetur
965 2261 1169 2348 interdum,
1201 2273 1274 2352 quan

246 2359 332 2432 titas
354 2369 475 2456 autem
499 2358 592 2432 dosrs
619 2359 750 2454 exigua
773 2357 841 2431 else
870 2358 1001 2451 debet,
1029 2359 1185 2434 srdolor
1206 2371 1273 2428 uret

245 2454 393 2530 tillimus
419 2479 502 2530 cum
534 2457 751 2550 lachrymis,
786 2457 1090 2554 Haemorrhagiis,
1116 2457 1227 2530 immo
1247 2449 1273 2522 lt

247 2553 494 2634 flammatione
518 2554 668 2628 Cerebri
697 2555 909 2630 evitabitur.

269 2803 273 2810 -
345 2752 476 2826 Gummi
497 2751 702 2846 Euphorbii,
729 2753 830 2844 quod
848 2755 892 2825 ab
908 2753 1033 2828 Africa
1051 2755 1095 2828 ad
1108 2777 1179 2828 nos
1196 2765 1273 2824 tram

246 2861 433 2944 portatum
459 2849 498 2922 in
527 2849 818 2943 Pharmacopoeis
851 2851 1079 2944 adservatur,
1119 2854 1195 2924 hoc
1221 2863 1272 2919 ten

246 2967 339 3041 pore
357 2945 533 3020 ‘rarissime
556 2947 605 3019 ob
624 2945 719 3019 suam
739 2948 977 3022 acrimoniam
1004 2951 1147 3023 interne
1169 2947 1272 3036 usurpa

246 3055 318 3118 tur.
372 3046 621 3149 Quamobrem
649 3045 945 3140 Pharmacopolae
972 3049 1114 3122 rusticis
1147 3047 1193 3144 (sr
1220 3062 1272 3116 cor

247 3135 428 3232 sentiunt)
462 3143 680 3237 imponunt,
715 3157 757 3216 ut
792 3145 829 3218 id
857 3146 1107 3237 contundam,
1141 3143 1272 3232 srmulqu

247 3239 292 3313 iis
317 3239 532 3332 consulunt,
557 3247 600 3314 ut
625 3241 755 3315 faciem
784 3241 845 3316 sub
872 3244 940 3317 hac
967 3245 1187 3340 operatione
1208 3257 1272 3314 alan

247 3350 348 3431 tant,
373 3361 421 3414 ne
443 3339 565 3432 pulvis
587 3361 630 3412 os
653 3339 687 3412 δι
707 3363 813 3414 nares
838 3342 962 3416 intret.

345 3533 534 3626 Euphorbia
561 3533 595 3606 u
621 3533 817 3628 praesertim
845 3533 1039 3630 Catapotia
1067 3535 1117 3607 usr
1143 3533 1220 3607 sunt
1243 3547 1271 3628 vr

247 3639 343 3701 teres
375 3629 471 3702 inter
501 3627 561 3703 sua
595 3633 806 3726 purgantia,
845 3633 903 3705 sed
932 3657 1041 3727 quum
1067 3634 1111 3704 ab
1142 3630 1271 3724 ejus-ul

247 3725 407 3820 periisset
421 3726 504 3798 Bot.
525 3727 623 3802 Prof.
644 3731 909 3822 Guilandinus,
937 3733 974 3805 in
993 3731 1177 3826 posterum
1194 3745 1267 3799 omn

247 3845 298 3898 no
325 3823 475 3897 cessavit
499 3826 662 3900 internus
691 3829 786 3901 illius
813 3827 906 3902 usus.
959 3830 1059 3902 Inter
1086 3825 1270 3901 recentior<

245 3920 407 4002 Listerus
424 3919 549 4015 sepius
573 3925 646 3998 hoc
669 3926 835 3999 adhibuit
855 3927 894 4000 in
912 3928 1112 4024 Hydrope,
1140 3927 1200 4000 ubi
1223 3937 1270 4089 edu

211 4027 221 4048 ·
704 4087 710 4094 ,
1251 4033 1270 4086 er
