2568 4764
114 243 334 348 ausura
364 268 710 348 rusucrouum
736 237 922 352 atoue.
963 187 1046 370 ἐἷς

15 471 71 524 rum
106 445 364 542 descriptiones
398 449 491 522 adeo
514 433 701 526 ¹'dilucidus
735 451 869 544 edidit,
903 463 946 524 ut
974 439 1047 525 fine

15 547 158 642 nampio
183 547 227 622 ad
250 549 286 620 id
308 569 421 644 usque
455 563 597 644 tempus
626 549 885 648 elegantiffimae
908 547 1045 648 judica·

10 661 127 722 renum.

88 761 265 856 RAJUS,
291 761 635 858 quem-inexhaustae
662 763 841 840 industrio
867 763 1046 862 &·0perae

11 861 112 934 virum
137 860 267 935 merito
293 861 448 952 dixeris,
475 859 664 960 postquam
680 861 864 938 historiam
883 865 1047 940 omnium

9 961 195 1054 plantarum
216 981 260 1030 eo
287 975 452 1052 tempore
475 961 701 1054 cognitarum
724 959 940 1054 corrasisset,
963 959 1047 1040 reli-

14 1078 102 1148 quum
128 1055 215 1130 vitae
249 1055 388 1132 inseetis
421 1055 661 1134 describendis
697 1057 856 1148 dicavit,
893 1079 1048 1150 quorum

13 1155 101 1265 atium
125 1153 353 1232 recensiones
370 1153 479 1252 longe
497 1133 812 1257 toncupletiiimas
834 1153 943 1234 uobis
964 1153 1048 1236 reli·

11 1269 81 1344 qutt.
330 1257 337 1274 '

91 1369 372 1464 musculus,
395 1374 713 1467 metamorphosrn,
733 1373 1049 1450 namram&oeco·

8 1469 156 1544 uoniam
182 1469 324 1564 fingulae
346 1491 439 1566 pene
464 1471 502 1544 in
532 1470 689 1548 Boruffia
724 1469 940 1548 Insediorum
973 1471 1049 1571 spe·

7 1567 60 1638 o'ei
84 1563 322 1656 observavit,
353 1565 698 1661 observationesque
723 1569 925 1648 luculentas
951 1568 1049 1664 post·

5 1665 143 1742 nodum
171 1663 209 1738 in
231 1665 349 1742 lucem
371 1665 494 1744 emisrt.
544 1665 598 1742 At
616 1666 823 1758 fatendum,
849 1667 965 1742 adhuc
987 1667 1049 1744 de-

5 1763 182 1838 sideratum
209 1759 311 1836 fuisse
337 1762 542 1858 ingenium,
567 1764 625 1838 cui
655 1763 731 1840 baec
757 1761 906 1840 scientia
926 1763 1051 1841 nostra
1175 1759 1179 1768 ’

7 1881 141 1936 omnem
170 1859 433 1956 propemodum
463 1859 688 1954 splendorem
718 1860 840 1952 suum,
867 1883 1049 1956 omneque

4 1959 153 2048 pretium
191 1957 372 2050 deberet,
417 1981 499 2034 cum
538 1959 695 2036 oriretur
730 1957 861 2036 Gentis
898 1959 1050 2040 Gallice

6 2055 147 2144 Gloriam
171 2055 348 2130 maximus
375 2055 436 2132 ille
463 2069 599 2134 nattuae
625 2057 812 2136 Scrutator

86 2171 372 2265 REAUMUR,
397 2197 502 2268 quem
519 2187 623 2252 tanto
640 2173 792 2270 negotio
814 2187 954 2252 tanturn
974 2173 1050 2252 iata

8 2269 180 2348 destinass'e
203 2270 351 2348 credere
379 2272 432 2346 fas
459 2271 522 2348 est.
573 2273 645 2348 Hic
668 2270 886 2350 infestorum
912 2272 950 2348 in
971 2273 1052 2350 vita

12 2367 182 2462 universa,
215 2369 261 2444 ab
294 2369 519 2446 incunabulis
556 2368 600 2445 ad
633 2389 813 2464 agonem,
850 2365 1050 2444 indivulsua

13 2487 142 2556 comes,
179 2467 345 2542 natalitia
369 2489 497 2542 eorum
522 2465 690 2560 exposuit
715 2467 749 2542 dt
775 2467 942 2563 nuptias,
970 2487 1048 2542 mo·

7 2565 102 2637 ras&
122 2563 321 2653 vestitum,
350 2564 536 2642 domicilia
561 2563 595 2640 δι
615 2563 879 2654 oeconomiam,
905 2564 1049 2642 Anato-

2 2665 99 2736 m'am
118 2665 225 2756 juxta
242 2659 421 2754 instituit,
446 2663 481 2740 u
500 2661 593 2762 Justa
610 2663 714 2742 velut
728 2661 894 2740 funebria
915 2661 1049 2762 persol-

2 2761 68 2850 vit,
94 2773 163 2848 ot,
186 2759 234 2832 src
256 2755 292 2836 se
315 2759 497 2854 gerendo,
527 2781 667 2838 novum
687 2762 726 2836 in
747 2760 898 2852 antiquo
922 2762 1050 2838 orbem
1142 2783 1145 2792 ·

2 2856 168 2934 reclusrffe
189 2855 386 2932 censendus
398 2858 451 2932 stt.
488 2855 641 2934 Posthac
664 2859 772 2954 igitur
795 2879 903 2935 nemo
925 2857 1049 2948 facile,

2 2957 53 3028 uisr
71 2955 207 3028 artium
225 2955 461 3050 ingenuarum
481 2956 588 3055 plane
603 2955 741 3045 hostis,
765 2951 857 3032 hunc
879 2953 1050 3032 notitiam

2 3053 104 3150 magis
131 3049 314 3128 curiosam
346 3051 465 3144 dicat,
499 3075 604 3146 quam
634 3053 782 3144 utilem,
819 3052 905 3145 quin
936 3051 1049 3128 immo

2 3151 322 3322 nentisbbumanae
351 3149 553 3232 reflexione
590 3151 751 3250 apprime
785 3149 927 3250 dignam
962 3169 1049 3249 pro·

2 3270 126 3324 ttmcra
155 3261 197 3324 rt.

87 3365 161 3444 Sed
182 3365 252 3440 mei
273 3365 379 3460 ipsus
400 3365 588 3442 immemor
605 3367 684 3458 jure
703 3363 896 3442 viderer&
911 3365 955 3440 ab
972 3363 1048 3442 offi-

2 3463 51 3534 τέο
81 3463 177 3558 grati
210 3461 490 3556 animi-prorsus
523 3463 682 3553 alienus,
714 3461 835 3544 fiboc
860 3463 946 3536 loco
975 3463 1049 3540 sme

3 3559 85 3630 usta
102 3560 211 3638 laude
231 3559 324 3636 Eum
340 3560 581 3658 praeterirem,
606 3561 707 3652 cujus
724 3561 763 3636 in
781 3561 873 3636 hanc
890 3560 1049 3638 historiae

2 3657 171 3730 mturaiis
199 3671 337 3752 partem
368 3655 785 3748 summouentem,
815 3659 947 3752 quique
974 3681 1047 3748 me,

2 3753 101 3824 indii
123 3756 230 3850 hujus
255 3751 393 3846 cauda,
421 3753 699 3833 commendante
718 3755 767 3831 D.
786 3755 955 3846 Prasrde,
984 3775 1049 3848 per

3 3851 116 3925 nores
133 3853 335 3946 iamannos
358 3853 485 3942 fovet,
510 3851 596 3944 alit,
620 3851 808 3930 beneficiis
825 3868 942 3930 ornat.
975 3851 1049 3924 En·

3 3949 272 4050 omologorum
299 3952 492 4030 maximum
511 3971 613 4122 Eune
641 3953 795 4048 loquor,
822 3943 1048 4028 Genetofissi·

562 4069 581 4126 2
949 4063 1048 4128 mum
