2578 4770
246 229 316 303 162
528 212 701 296 MORBI-
721 215 789 295 EX
817 213 1017 298 HYEME.

266 423 311 478 ro
332 409 559 494 temperato,
584 397 749 474 habetur.
799 397 980 475 Praeterea
1002 401 1042 474 in
1063 397 1213 476 eodem
1234 401 1275 478 io

239 425 367 598 {yeme
396 496 448 571 est
477 495 665 571 distributa
701 497 888 590 equaliter
921 520 987 594 per
1014 519 1132 574 omne
1166 521 1275 594 corpe

240 601 329 677 licet
352 597 487 672 ferrum
510 593 545 667 tr
571 593 709 690 lapides
735 595 857 688 pluma
882 596 1073 692 frigidiora
1096 597 1275 672 videant*

240 698 297 773 Ut
320 695 446 771 fideles
465 695 587 788 itaque
609 693 844 767 aestimatores
863 695 995 768 caloris
1017 695 1232 792 &frigoris
1246 717 1275 768 n

128 847 129 851 η
240 793 422 894 possumus
458 791 625 885 accipere
660 787 778 866 sensus
811 791 957 865 nostros
988 807 1199 886 externos,
1240 817 1275 868 ne

240 893 331 989 saepe
358 893 489 966 fallunt
514 888 549 961 δι
570 889 754 963 falluntur.
815 891 927 994 Quod
953 891 999 964 ad
1022 889 1140 986 effeita
1170 891 1275 966 attin

241 1014 319 1088 quae
341 991 379 1063 in
403 1001 531 1062 natura
555 987 727 1082 producit
753 987 888 1084 frigus,
918 987 1054 1082 aliquid
1078 990 1216 1064 dicere
1239 1013 1275 1084 pr

240 1088 437 1187 posuimus.
489 1085 557 1159 Per
581 1084 845 1180 experientiam
866 1085 1010 1160 constat
1036 1109 1210 1182 corpora
1235 1088 1275 1161 hi

240 1185 432 1276 contrahi,
464 1195 507 1258 ut
534 1184 657 1256 calore
689 1183 946 1258 extenduntur.
1012 1183 1092 1280 Ipsa
1134 1185 1275 1260 duriisrr

148 1373 154 1387 Ι
238 1286 408 1374 metalla,
438 1305 486 1356 ne
518 1302 607 1355 auro
648 1278 794 1374 quidem
825 1295 1007 1376 excepto,
1041 1283 1133 1358 huic
1171 1281 1275 1356 subsu

239 1385 323 1482 legi.
373 1379 526 1455 Lamina
558 1378 676 1453 ferrea
706 1379 829 1452 calore
863 1379 1095 1474 extenditur,
1141 1381 1275 1456 redit:

238 1483 420 1558 minorem
448 1477 691 1574 peripheriam
728 1477 875 1570 quando
909 1477 1041 1574 frigori
1071 1480 1275 1574 relinquite

239 1582 373 1677 (Bere.
391 1581 501 1672 bem.
536 1575 574 1649 T.
586 1577 615 1648 Ι.
639 1594 676 1672 p.
692 1595 757 1669 139
777 1569 924 1671 &sepi
974 1575 1117 1652 Annttli
1138 1577 1182 1651 in
1198 1579 1275 1684 Qua

240 1702 287 1754 cu
318 1673 577 1770 respondentes
606 1673 793 1746 intensiori
823 1672 952 1769 frigori
981 1674 1015 1747 ἂ
1043 1674 1201 1769 hyemi,
1234 1673 1275 1748 soi

240 1775 362 1852 diores
389 1767 480 1848 sunt.
531 1770 699 1846 Arbores
729 1771 861 1865 hyeme
883 1769 965 1846 sunt
986 1773 1179 1867 minores,
1208 1795 1275 1868 qua

239 1873 372 1951 aestate.
415 1869 559 1946 Arbores
579 1869 735 1959 eaedem,
763 1867 894 1944 eodem
907 1867 1040 1944 semine
1062 1869 1167 1966 satae,
1196 1869 1275 1944 eide

237 1971 324 2048 solis
351 1968 465 2044 calori
495 1967 690 2063 expositae,
722 1963 860 2062 semper
885 1963 965 2041 sunt
989 1969 1175 2060 maximaev
1191 1968 1234 2044 ad
1255 1991 1275 2040 r:

239 2057 341 2152 dices
358 2065 561 2156 montium,
585 2065 717 2160 pusillae
740 2063 774 2138 tr
796 2064 958 2140 aresattae
975 2080 1089 2161 prout
1113 2067 1229 2142 altius
1250 2087 1275 2137 ae

239 2165 432 2244 stenditur.
483 2165 654 2260 Lupones
678 2161 924 2238 inhabitantes
955 2163 1224 2262 frigidissimum
1246 2161 1275 2236 ci

239 2261 1008 2456 staminiis}itiiteffittit:
1024 2263 1275 2462 issisti.

239 2464 382 2560 Lepores
419 2459 582 2536 minores
614 2455 696 2532 sunt
725 2457 763 2532 in
799 2457 1020 2553 Lapponia,
1063 2482 1175 2556 quam
1209 2457 1274 2532 aiib¹

238 2562 391 2657 Frigore
426 2555 694 2630 contrahuntur
726 2577 872 2651 quoque
903 2555 1035 2645 fluida3
1072 2559 1097 2632 fi
1133 2557 1220 2632 vase
1250 2553 1274 2624 v}

238 2673 322 2736 treo
345 2667 561 2732 contentum
588 2651 752 2747 spiritum
766 2655 856 2728 rvini
881 2656 943 2727 vel
967 2677 1096 2750 aquam
1116 2658 1274 2732 fontanae

240 2754 391 2854 corpori
418 2751 560 2826 cuidam
587 2751 721 2847 frigido
747 2749 1006 2847 admovemus,
1032 2755 1178 2847 minus,
1203 2767 1274 2846 quat

241 2851 349 2930 an'tea
384 2865 571 2942 occupant
604 2847 782 2945 spatium:
814 2850 901 2924 hinc
934 2853 1103 2947 hyberno
1139 2867 1274 2943 tempor

239 2948 324 3028 vasa
350 2948 535 3024 Alcohole
569 2950 709 3042 repieta
741 2947 861 3022 minus
891 2951 999 3044 plena
1029 2947 1274 3046 deprehendar

239 3064 321 3145 tur,
356 3069 463 3144 quam
487 3059 654 3142 tempore
685 3046 812 3121 aestivo
839 3047 970 3140 (Beri.
999 3053 1111 3144 Cdym.
1154 3045 1274 3144 'ssi

239 3141 407 3243 m.167).
459 3145 536 3220 Aer
564 3143 710 3218 coaetus
736 3147 838 3240 gelu,
867 3146 1080 3222 mitioribus
1110 3143 1274 3222 limitibus

241 3251 356 3348 quam
387 3245 474 3320 alias
510 3240 589 3317 fieri
633 3241 753 3336 solet,
801 3245 1024 3319 continetur.
1098 3247 1273 3350 Quousque

242 3359 363 3421 autem
387 3343 465 3416 haec
492 3340 691 3416 coarctatio
720 3339 826 3438 possit
850 3343 1041 3439 progredi,
1079 3345 1273 3420 dicerem

240 3441 446 3556 possumus3
474 3455 650 3554 quantum
677 3439 974 3554 adhucnotum,
999 3464 1183 3555 nunquam
1209 3431 1273 3508 ditis

241 3538 661 3731 iiiitiffigiffmriiii
676 3527 1273 3734 stititttttttsstit

241 3755 305 3836 ra,
343 3734 429 3812 hinc
468 3732 616 3806 adtritui
649 3735 811 3827 quaedam
846 3731 1026 3809 efficacius
1055 3717 1273 3818 resistunt,⁸

209 3853 214 3864 ’
243 3833 377 3908 durata·
389 3831 533 3906 facilius
552 3831 673 3927 ignem
698 3831 734 3904 dt
759 3833 917 3906 calorem
939 3833 1114 3909 excitant.
1160 3831 1273 3922 Hyemt

243 3929 330 4011 dum
356 3928 471 4007 securi
501 3931 726 4026 percutimus
752 3930 901 4008 arbores
930 3934 1163 4032 congelatas,
1193 3919 1273 4100 app}
