2578 4770
211 277 292 365 ,120
503 259 670 338 monol
699 261 765 338 rx
796 253 992 341 Hunnrn.

318 439 486 518 TUSSIS
516 442 568 517 est
603 441 867 518 anniversarius
902 444 1052 518 morbus
1086 447 1126 520 in
1162 467 1223 520 no

208 543 361 637 patria,
393 542 476 636 qui,
504 541 613 616 certis
639 541 888 634 temporibus,
918 541 1031 638 frigus
1062 558 1135 616 tam
1170 545 1277 620 hum

219 639 328 734 dum,
358 663 464 748 quam
491 638 643 727 siccum,
672 635 769 732 sequi
796 637 909 731 solet,
943 639 995 713 ita
1021 638 1112 735 saepe
1134 643 1289 716 unive

219 735 323 831 salis,
349 751 413 830 ut,
437 752 589 832 propter
611 736 788 811 clamores
820 735 1060 830 tumentium,
1083 760 1166 812 non
1185 763 1248 834 po
1277 750 1289 807 t

220 865 299 917 mus
327 835 509 910 interdum
534 833 658 908 audire
679 835 873 930 loquentes
895 834 934 909 in
949 833 1114 931 Templis
1136 837 1179 910 δι
1194 838 1283 912 Ac

220 936 362 1015 demiis.
1004 993 1005 996 ,

315 1067 591 1150 PLEURITIS.
637 1065 775 1142 Rustici
806 1069 943 1163 nostri,
980 1071 1108 1165 quiin
1139 1071 1288 1147 itineri

220 1179 288 1254 bus
312 1173 382 1248 suis
408 1171 545 1266 frigore
566 1169 718 1241 multum
745 1179 962 1262 gravantur,
990 1182 1144 1244 utuntur
1174 1170 1288 1245 indi

221 1271 393 1350 versoriis
411 1268 480 1342 suis
501 1263 581 1340 vini
600 1263 778 1337 combusti
795 1264 989 1357 profusa&
1007 1267 1217 1342 immodica
1246 1271 1285 1344 in

221 1381 492 1557 ῗέἑὲἒὲῧξὲῖῃῗ
516 1362 962 1536 {tntiftiissnttn
980 1366 1287 1552 tntfflt

222 1564 418 1668 gantissime
435 1562 541 1654 hujus
563 1559 699 1632 veneni
717 1558 794 1631 vim
810 1559 1028 1634 monstravit
1047 1561 1158 1635 Dost.
1179 1563 1263 1638 Au
1272 1600 1274 1603 ·

221 1677 259 1744 in
287 1661 421 1759 Synops.
445 1661 525 1732 med.
547 1660 698 1753 practico
721 1673 852 1751 p.574.
913 1657 1043 1754 Inepte
1072 1663 1219 1754 corpu's
1254 1683 1289 1734 a·

223 1765 383 1842 calorem
405 1767 565 1852 cogunt,
593 1753 689 1826 unde
706 1753 834 1848 frigori
851 1755 964 1852 magis
979 1759 1156 1852 patulum,
1183 1757 1278 1833 hun

222 1864 310 1938 vitae
330 1855 470 1932 hostem
497 1852 658 1926 invitant
685 1851 791 1944 quafi.
842 1851 1011 1927 Pleuritis
1038 1876 1102 1928 eos
1130 1877 1289 1950 quoqu

222 1956 425 2054 exspettat,
455 1949 536 2044 qui,
563 1947 727 2022 calefaiti
751 1949 899 2044 labore,
925 1951 1174 2048 imprudenter
1197 1955 1283 2051 geli

214 2061 272 2136 rdo
299 2053 373 2128 aeri
398 2051 433 2125 se
459 2047 704 2122 committunt.

321 2183 768 2266 PERIPNEUMONIA.
799 2183 863 2259 Est
880 2183 1026 2260 Falunae
1041 2188 1199 2261 morbus
1220 2190 1283 2266 Cu

248 2286 466 2367 rimontanis
491 2279 707 2376 potissimum
725 2281 895 2370 infestum
922 2295 1051 2376 praeter
1077 2285 1196 2382 frigus
1230 2311 1282 2362 ve

222 2317 393 2498 flemene,
417 2380 649 2554 mfflgruniulaffi
664 2382 758 2455 hanc
782 2377 975 2550 ggffriogem
992 2382 1137 2552 confert}
1162 2406 1288 2556 vlgpor

221 2487 482 2679 ἓξιῆεῗιεπῗὲιζὲῗη
499 2575 574 2648 illic
598 2500 817 2668 grffirgsrbo
840 2501 1022 2650 Elndrelrfflo
1041 2503 1194 2673 rggugat
1217 2507 1288 2656 ἐξ

223 2706 300 2778 per.
326 2676 496 2753 Medicus
512 2673 619 2768 hujus
635 2673 840 2748 Provinciae
859 2673 907 2747 D.
920 2673 1065 2751 Donor
1076 2677 1288 2756 Kohlmeter.

478 2902 1023 3014 cononrnnrn

221 3059 542 3152 AUTUMNUS,
575 3061 716 3154 hyemis
746 3067 1004 3162 praenuncius,
1032 3071 1161 3148 nostes
1196 3079 1288 3174 geli·

317 3161 379 3234 das
405 3159 616 3234 introducit.

269 3255 484 3332 Florescunt
512 3262 711 3348 colchicum,
742 3261 1040 3338 Pneurnonanthe.'

222 3427 226 3440 ,
266 3354 466 3430 Rufescunt
489 3357 689 3449 Polygonum
708 3364 894 3448 aniculare,
925 3361 1119 3457 Perfirorr’o

266 3455 436 3527 Arborum
450 3451 534 3545 folia
556 3452 776 3548 flavescunt,
803 3457 948 3532 cadunt.

267 3550 433 3644 Migrant
450 3551 612 3646 Anseres,
641 3554 844 3648 Scolopocrs,
871 3553 1017 3652 Pafferrs
1036 3561 1269 3654 tenuiroflres.

267 3644 538 3742 Demerguntur
565 3647 740 3738 Hirundo,
768 3655 936 3745 colymbos
963 3663 1104 3728 auritus.

266 3744 525 3838 Hybernacula
541 3743 744 3821 conficiunt
759 3749 969 3845 intrantque
998 3752 1135 3851 Ursus,
1156 3757 1287 3834 Erro

222 3859 226 3876 ·
312 3869 406 3930 cers,
435 3843 564 3932 Meles,
599 3844 711 3939 Tolpa.

265 3939 578 4036 Sempervirentes
594 3941 722 4036 {Refino
737 3951 947 4048 saturantur.

1090 4041 1287 4126 HYEMt
