2654 4762
174 333 191 348 ,
265 233 583 322 msmucno
626 230 803 316 musar·
983 262 1055 340 447

11 425 105 514 sunt,
141 431 249 515 atque
279 421 418 496 idcirco
442 417 659 517 digniffimu,
695 424 773 512 que
804 419 1059 502 accuratissime

11 519 188 596 examinet
211 519 362 594 Naturae
392 517 590 602 Scrutatur.
641 517 702 592 Sic
728 517 900 612 quidquid
926 519 970 594 ad
1001 527 1057 600 vi.

11 635 77 694 tarn
105 615 389 708 sustentandam,
417 615 590 710 quidquid
622 615 665 689 ad
692 613 912 691 necessitates
944 618 1058 698 suble.

11 718 164 806 vendas,
192 715 237 788 ad
266 715 393 788 fastum
420 715 615 807 luxumque
640 711 821 810 pertinet,
852 714 938 789 hinc
964 723 1058 794 acci.

10 817 113 912 pitur.
167 813 279 918 Quod
302 813 326 886 n
348 814 473 888 harum
505 833 624 884 rerum
656 809 826 885 fabricam
858 814 1058 896 confidem.
1170 813 1177 832 ⁴
1317 891 1318 900 ἵ

10 913 127 1004 veris,
157 933 203 984 eo
223 909 467 985 sublimiorem
491 909 588 984 illam
609 907 679 983 csse
700 929 741 982 ac
765 907 985 986 subtiliorem
1005 915 1058 991 su·
1132 981 1136 994 .

10 1011 156 1106 spicios,
193 1009 290 1104 quod
321 1005 574 1102 Omnisapiens
598 1007 633 1082 dc
657 1006 903 1102 Omnipotens
928 1009 1058 1089 Archi-

10 1110 122 1182 tetrus
149 1107 211 1180 has
238 1105 461 1196 construxit3
489 1103 585 1178 unde
611 1105 734 1179 omnia
760 1105 947 1182 hominurn
972 1113 1057 1186 arti-

10 1207 109 1296 ficia,
146 1227 227 1278 cum
256 1203 492 1278 Nanualibus
520 1203 676 1294 collata,
710 1215 782 1276 tam
808 1204 896 1277 vilia
924 1209 1057 1286 merito

10 1319 243 1400 reputantur,
267 1323 371 1396 quam
390 1301 499 1398 longe
520 1301 721 1374 imbecillus
745 1301 943 1376 homuncio
965 1305 1060 1386 infra

10 1401 189 1476 infinitam
221 1399 356 1474 Summi
377 1397 548 1471 Numinis
577 1395 804 1494 Majestatem
833 1401 967 1492 postus
993 1407 1057 1482 est.

10 1501 125 1574 Porro
154 1497 179 1572 fi
207 1511 366 1571 mutuam
403 1495 528 1570 harum
557 1518 676 1570 rerum
710 1495 957 1573 habitudinem
990 1525 1061 1598 qua

11 1611 152 1688 ortum,
177 1595 477 1692 propagationem
501 1591 885 1686 &conservationem
910 1619 987 1692 quae
1008 1616 1061 1678 ta.
1188 1607 1191 1614 ⁴

10 1717 91 1769 meu
111 1695 246 1788 absque
266 1705 464 1766 ceterarum
482 1691 669 1767 obtinetur
692 1689 955 1786 destruslione,
981 1722 1061 1794 per.

15 1791 200 1888 penderis,
226 1791 350 1864 itidem
367 1789 612 1884 deprehendes
628 1785 815 1864 certissima
837 1789 988 1870 infinitoe
1002 1798 1062 1873 Sa.

15 1889 159 1984 pientiae
190 1887 352 1984 vestigia.
421 1886 543 1980 Atque
579 1887 665 1960 hinc
702 1885 824 1962 existit
854 1891 1062 1984 pulcritudo

13 2003 119 2082 atque
149 1988 328 2084 elegantia
349 1984 482 2074 Orbis,
521 1983 611 2057 adeo
640 1995 682 2057 ut
708 1983 780 2060 hoc
805 1985 931 2062 nostro
958 2015 1063 2068 amre·-

11 2087 155 2160 niorem
176 2107 222 2158 ne
245 2095 366 2158 mente
392 2079 535 2176 quidem
562 2081 759 2176 concipere
782 2081 899 2178 possis.
951 2089 1064 2196 Quod

11 2205 94 2257 curn
124 2183 174 2256 ita
196 2183 259 2275 srt,
289 2177 520 2256 mirabundus
546 2199 687 2254 mecum
711 2179 878 2273 inquisivi
905 2181 943 2258 in
967 2185 1063 2263 caus·

9 2281 102 2374 sam,
129 2301 238 2374 quare
262 2277 409 2352 scientia
431 2277 514 2369 illa,
540 2297 616 2372 que
637 2277 713 2350 baec
733 2275 867 2354 Summi
894 2285 1064 2360 condito·

8 2381 59 2454 ris
76 2377 249 2452 miracula
265 2375 440 2470 exponit,
465 2375 601 2449 tamdiu
616 2373 791 2470 jacuerit,
816 2381 1065 2472 apaucissimis

8 2475 184 2570 adquifita
202 2471 407 2569 Magistris‘l
433 2471 515 2564 illa,
541 2473 707 2566 inquam,
732 2479 1063 2572 quae,1nejudice‚

9 2569 296 2648 communiffima
320 2568 389 2648 elle
417 2569 592 2664 debebat,
627 2591 736 2664 quare
758 2591 835 2644 non
863 2571 994 2652 dudum
1006 2577 1066 2652 ·ad

10 2671 191 2766 fastigium
215 2669 361 2760 evesla,
387 2665 446 2742 sed
470 2689 568 2744 nunc
594 2667 740 2742 tandem
764 2690 810 2742 ex
833 2667 948 2749 solido
971 2675 1068 2768 quali

8 2767 227 2844 exstruenda
257 2765 522 2842 fundamento?
575 2765 645 2842 Sed
677 2765 859 2862 persentio
885 2770 924 2850 in
953 2771 1069 2846 caussa

8 2867 81 2942 esse
110 2865 470 2960 objectorumque
498 2865 560 2942 hic
588 2863 845 2942 confideranda
873 2865 976 2966 sunt,
1002 2871 1067 2947 im·

8 2965 170 3042 mensam
190 2961 458 3038 multitudinem
481 2963 516 3038 δι
537 2966 764 3040 varietatem.

476 3145 510 3236 ς.
560 3138 608 3214 11.

108 3253 365 3350 Etenrmpum
389 3253 466 3328 haec
486 3253 646 3330 Scientia
664 3251 989 3334 confideretionem
1013 3259 1070 3336 in·

8 3353 142 3432 tendat
171 3354 210 3427 in
243 3353 374 3428 claram
401 3375 522 3429 rerum
555 3355 771 3428 naturalium
803 3357 1069 3454 cognitionem,

8 3457 44 3528 dc
61 3449 423 3542 denominationem,
450 3473 528 3546 qure
547 3451 591 3524 ab
609 3451 687 3525 aliis
707 3452 846 3548 percipi
865 3469 996 3548 queat,
1020 3457 1072 3532 se·

8 3551 159 3646 quitur,
183 3548 317 3642 requiri
345 3547 405 3622 hic
437 3547 719 3644 descriptiones,
750 3571 827 3644 quae
855 3553 1074 3630 contineant

8 3646 261 3739 charasberes,
286 3646 415 3739 quibus
434 3669 545 3722 unum
567 3647 611 3720 ab
632 3645 711 3720 aliis
726 3645 956 3726 discernatur.
994 3653 1072 3728 An·

8 3763 74 3822 tea
90 3766 208 3835 veru,
234 3765 340 3838 quam
357 3743 393 3818 hi
412 3743 632 3820 charasleres
647 3741 779 3818 confici
799 3747 941 3842 poffint,
962 3771 1073 3844 opor·

8 3859 71 3918 tet
100 3841 270 3916 Scientiae
303 3842 533 3918 conditorem
565 3841 698 3936 singula
729 3841 900 3937 lustrare,
939 3857 981 3920 ut
1015 3859 1076 3921 tut

8 3937 241 4020 charasleres
269 3941 563 4044 evolvat„quot
580 3939 625 4016 ad
640 3933 773 4031 cleram
796 3941 1096 4118 (ἱιΐοτῑρῑῖοὲἓῐτιΧ

966 4063 985 4118 e
1038 4065 1074 4118 e·
