2650 4762
231 295 454 378 PLANTAE
484 295 817 376 ESCULENTAE.
859 373 871 396 ,
1013 313 1058 399 83

93 505 180 560 aro.
212 477 495 555 ERYNGIUM
514 483 712 555 maritimum
737 473 933 574 prasertim
956 479 1070 572 juxta.

8 581 124 656 irrora
148 579 260 654 maris
286 577 434 652 crescit·
473 573 660 652 Turiones
687 589 771 650 ante
792 573 1060 652 florescentiam

8 677 203 754 innodrnn
221 675 395 772 Asparagi
408 689 641 770 preparata,
665 687 766 772 grate
781 671 935 768 sapiunt,
961 673 1058 770 opti·

7 799 58 852 me
79 775 272 865 nutriunt,
298 773 536 868 vigoremque
563 771 730 848 reddunt.

101 933 185 1004 rag.
210 907 423 984 DAUCUS
451 913 588 1000 carata,
618 911 657 986 in
673 911 785 984 variis
808 909 901 984 locis
918 907 1060 1006 Uplan·

13 1007 94 1102 die,
111 1030 187 1082 non
215 1007 336 1082 minus
360 1027 403 1082 ac
427 1009 537 1102 alibi,
561 1011 664 1104 juxta
685 1031 761 1084 mar
786 1009 864 1081 ines
891 1027 1067 1106 agrorum·

17 1105 128 1181 crescit
153 1105 192 1180 dt
221 1127 304 1180 curn
338 1103 648 1200 Daucofsativo,
687 1029 838 1180 eangem
867 1103 1060 1180 constituit

18 1204 173 1300 speciem
205 1223 317 1298 quare
344 1203 454 1276 etiam
477 1203 641 1296 radices,
674 1217 758 1278 ante
784 1201 1061 1276 caulescentiam

12 1303 42 1474 g
52 1302 250 1474 sffsmm’
277 1300 432 1375 eundem
456 1323 538 1375 cum
561 1301 635 1398 ipsa
651 1301 687 1376 δι
702 1299 865 1396 saporern
891 1299 1061 1396 praestant

95 1421 168 1474 um.

97 1539 180 1612 231.
207 1511 535 1590 HERACLEUM
566 1517 805 1612 Sphoruspiium.
856 1515 990 1590 Poloni
1025 1515 1063 1590 dt

17 1615 172 1691 Lithuani
198 1635 247 1688 ex
273 1613 375 1688 foliis
401 1613 438 1688 dt
461 1611 678 1705 seminibus,
710 1611 835 1687 addito
861 1613 1059 1708 fermento,

18 1715 195 1807 potionem
233 1731 414 1805 coquere·
433 1709 621 1803 seruntur,
657 1731 736 1806 quar
764 1711 983 1808 pauperibus
1017 1711 1061 1786 sit

20 1812 94 1882 loto
116 1809 310 1884 cereviiiae.
344 1809 432 1883 Dori.
481 1827 574 1906 empt.
595 1831 677 1904 307.
729 1807 1059 1884 Camtschatcensea

18 1909 120 1984 causes
145 1906 270 1983 nudos
296 1908 412 2002 probe
459 1904 683 1980 ecorticatos
707 1908 915 1981 comedunt.
956 1909 1061 1982 Gmel.

15 2009 102 2080 Sibir.
115 2027 144 2082 r.
173 2023 213 2104 p.
223 2013 307 2095 2⁹14.
356 2001 452 2080 Ruffi
474 2005 636 2100 petiolos
657 2005 830 2079 soliorum
848 2003 1061 2079 radicalium

12 2103 249 2178 decorticatos
274 2101 369 2176 &in
399 2101 473 2176 soie
503 2100 706 2198 suspensos,
733 2116 775 2176 ut
798 2103 1060 2196 aliquantulum

14 2201 204 2294 screnum,
235 2199 416 2296 colligunt
440 2200 478 2274 in
498 2199 703 2293 fascicuos,
724 2200 758 2274 δι
781 2200 903 2274 denuo
921 2197 1061 2294 suspen-

14 2296 83 2392 sos,
103 2301 227 2374 donec
245 2297 388 2372 flaccidi
410 2297 613 2390 evaserint,
643 2297 754 2373 saccis
776 2299 993 2393 imponunt,
1020 2297 1061 2373 in

18 2397 126 2488 qubus
145 2397 271 2474 farina
291 2395 451 2490 quaedam
472 2395 586 2470 dulcis
608 2395 776 2470 saccharo
794 2397 946 2490 analoga
958 2395 1061 2469 efflo-
1149 2417 1154 2425 ’

18 2493 122 2590 rescit,
147 2513 262 2590 quam
282 2493 506 2590 periolorurn
520 2492 743 2587 quassatione
759 2493 959 2589 eolligunt3
985 2493 1060 2565 hoc
1185 2577 1189 2588 ‚

14 2591 206 2670 saccharum
253 2591 426 2666 convivis
473 2589 706 2686 cupediarum
752 2593 839 2666 loco
882 2587 1058 2664 offerunt.

13 2691 204 2794 Quomodo
233 2691 279 2764 ab
305 2689 352 2762 iis
374 2690 484 2764 etiam
508 2687 652 2784 spiritus
682 2689 849 2764 ardentes
878 2686 1061 2764 destillen-

11 2801 79 2884 ur,
105 2791 198 2865 vide
218 2785 316 2884 apud
341 2789 391 2863 Ci.
413 2789 596 2862 Gnulirurm
612 2792 635 2861 s.
653 2813 681 2862 c.

93 2949 181 3024 233·
205 2921 476 2998 ANGELICA
505 2923 754 3020 Archangesica.
817 2918 971 3011 Causea,
997 2941 1058 2996 an·

10 3035 144 3118 tequam
166 3023 328 3098 umbella
351 3020 532 3118 explicata
555 3019 633 3116 est,
653 3019 925 3096 decorticantur
948 3016 1060 3092 &efi-

11 3135 121 3196 tantur
141 3119 250 3198 crudi
267 3138 289 3194 a
309 3117 570 3214 Lapponrbus,
602 3119 712 3194 instar
729 3137 922 3214 pomorum
948 3113 1060 3210 sapidi

12 3217 39 3291 t
59 3219 229 3294 salubres.
268 3217 323 3292 ss.
345 3224 430 3315 sopp.
452 3233 488 3314 p.
497 3223 559 3316 69.
609 3217 754 3291 Semina
779 3214 888 3292 etiarn
912 3212 1060 3309 tingunt

11 3313 165 3414 spiritum
190 3315 363 3392 frumenti
388 3316 547 3412 gratiore
571 3313 745 3390 odore&
768 3311 904 3406 sapore.

95 3481 185 3552 242.
208 3453 434 3531 SCANDIX
452 3453 644 3549 Cerafolbun
656 3451 785 3530 crescit
801 3452 841 3526 in
856 3451 949 3547 agris
965 3447 1059 3526 Got·
1104 3521 1108 3530 ,

11 3555 151 3648 sardia,
186 3555 279 3630 folia
305 3555 462 3652 eduntur
493 3551 597 3628 corta
625 3552 663 3626 in
686 3549 853 3652 jermus,
887 3567 1061 3624 necnon

12 3653 220 3728 adhibentur
244 3649 290 3726 ad
312 3651 510 3748 panatellas
531 3651 791 3746 &placentas‚
815 3669 904 3742 quas
921 3645 1060 3742 sapidas

13 3749 41 3821 b
62 3755 243 3847 gratiores
267 3751 435 3828 reddunt.

97 3893 185 3963 245.
215 3869 402 3948 CARUM
424 3872 548 3960 Carni,
576 3865 895 3964 frequentissimum
918 3867 957 3942 in
978 3879 1058 3958 pra·

17 3966 55 4042 tir
73 3969 232 4067 nostrie,
260 3969 321 4046 sed
343 3971 555 4140 plemmqtff
573 3967 787 4140 peneum.
824 3963 977 4044 'Radices
988 3955 1062 4131 §Sc
