2568 4764
364 251 449 330 CUI
479 250 656 328 BoNor
962 273 1032 348 249

36 434 197 508 &samana
241 431 311 507 Sed
332 433 356 508 sr
381 431 594 508 intermedia
618 429 741 506 omnia
766 439 1032 524 proponantur,

34 533 135 604 difficile
158 529 234 604 sane
256 531 378 622 foret,
409 531 543 602 limites
567 530 650 602 illos
675 527 770 602 inter
799 527 1031 604 constituere.

31 629 340 724 alaparumque&
365 630 479 723 Musti
504 627 669 722 Regnum
697 626 850 698 animale
881 629 1033 720 conjun-

28 741 92 822 gunt
109 747 179 798 cum
201 727 431 822 Vegetabili,
460 723 523 796 ubi
552 723 723 814 Cerrferuce¹
743 723 873 817 planta·
898 723 1034 801 difficil-

29 825 87 894 lime
106 847 123 894 a
140 825 326 897 Sertuiariir
346 821 558 896 animalibus
577 820 852 916 distinguuntur.
896 827 1036 898 Corellia

30 919 153 1011 Regnum
182 919 378 1010 Animale,
409 919 627 1014 Vegetabile
656 917 916 1012 &Lapideum
948 943 1036 996 con·

32 1031 147 1090 renunt

93 1115 179 1186 Hinc
201 1112 314 1188 nostri
339 1113 409 1186 aevi
424 1111 593 1186 Botanici
611 1113 649 1186 in
672 1133 718 1186 eo
738 1113 913 1206 imprimis
937 1113 1037 1188 fuere

35 1212 181 1304 occupati,
217 1226 261 1284 ut
287 1207 403 1308 Claffes
431 1215 617 1306 plantarum
642 1213 823 1284 Naturales
855 1227 1036 1304 eruerent,

30 1307 182 1396 quodiana
202 1307 254 1382 est
273 1331 331 1382 res
353 1307 499 1381 maximi
521 1309 721 1396 momenti,
744 1311 963 1402 majorisque
985 1312 1037 1382 in·

28 1403 142 1497 daginis.
190 1405 259 1480 Sed
282 1427 390 1498 quum
414 1404 529 1478 adhuc
553 1403 691 1478 detesta
716 1407 934 1500 vegetabilia
954 1407 1039 1480 huie

28 1505 62 1571 rei
76 1523 140 1576 nun
153 1503 347 1594 sufficiant,
374 1502 522 1576 scientia
544 1501 620 1574 haec
637 1503 752 1576 adhuc
771 1505 945 1596 compleri
961 1525 1039 1580 uon

27 1601 128 1688 pouit.
175 1601 363 1674 Botanicis
389 1601 510 1692 itaque
529 1597 728 1690 incumbit,
756 1601 896 1692 plantas
923 1603 1039 1674 exoti-

26 1718 69 1766 cas
86 1697 264 1794 diligenter
286 1699 349 1772 srbi
370 1697 520 1770 reddere
545 1699 731 1790 cognitas,
755 1711 797 1770 ut
817 1697 961 1792 scopum
989 1699 1041 1773 in·

26 1803 132 1866 tentum
155 1795 353 1890 adtingam.
404 1796 439 1866 Si
466 1795 632 1868 Botanici
661 1795 803 1868 nollent
827 1817 953 1880 onmes
984 1803 1041 1872 Cu

26 1891 179 1983 lmuileras
205 1891 304 1989 (ord.
330 1907 403 1968 nat.
422 1883 504 1985 34.)
531 1905 661 1984 praeter
686 1893 855 1988 Hila'fcanr
885 1897 1041 1990 mqfrlau·

25 2003 73 2060 arm
92 1991 184 2064 llort.
220 1993 300 2086 Upf.
318 1994 373 2088 sp.
396 2013 425 2062 r.
492 1989 669 2062 Turneram
696 2011 878 2082 nunquam
906 1994 1041 2068 referre

28 2087 190 2176 potuillent
209 2087 253 2160 ad
277 2090 372 2162 lrunc
398 2087 581 2174 ordinema
605 2086 664 2160 sed
682 2110 763 2161 cum
791 2088 954 2164 llibiscus
981 2093 1041 2164 ille

27 2185 201 2260 nominatus
236 2185 496 2280 inspiceretur,
534 2185 735 2258 connexuit
765 2185 826 2258 ille
857 2185 1041 2264 Turneras

33 2299 86 2354 um
103 2281 357 2358 Columniferis
377 2282 540 2357 floribus.

94 2381 164 2454 Ubi
188 2382 260 2472 jam
279 2379 492 2454 constitutae
507 2378 586 2452 sunt
600 2377 730 2452 Clalles
747 2377 962 2468 Naturales,
974 2407 980 2414 ·
992 2380 1042 2454 ibi

36 2471 202 2550 invenimus
228 2478 458 2574 Vegetabilia
488 2477 580 2548 adeo
605 2475 673 2550 elle
692 2491 847 2572 cognata
871 2477 1043 2570 invicem,

35 2573 122 2646 stilla
143 2575 207 2648 vix
229 2577 412 2648 valeamus
438 2558 677 2670 distinguere,
704 2576 808 2650 utin
841 2577 1044 2662 Umbellarir,

30 2667 187 2764 Silimafis,
220 2671 460 2764 lagumr'nofis,
497 2675 571 2744 Com
593 2671 678 2766 astris
698 2677 768 2761 &a
832 2673 922 2746 Hac
947 2697 1046 2748 nam·

29 2783 78 2852 que
92 2769 254 2860 pleraque
273 2770 310 2842 in
327 2769 477 2861 Etuopa
490 2789 550 2842 cre
566 2781 674 2862 cunt,
700 2770 795 2844 unde
814 2771 952 2862 optime
969 2771 1049 2846 stunt
1170 2785 1174 2800 '

28 2877 101 2934 nuta
127 2867 160 2938 dc
189 2867 349 2940 detestas.
419 2867 493 2966 Qui
527 2869 666 2960 plantas
699 2868 792 2940 haud
823 2867 952 2942 multas
983 2871 1045 2946 irbi

26 2963 163 3052 cognitas
189 2965 319 3052 habet,
363 2978 434 3036 tam
464 2961 611 3054 faciles,
651 2987 757 3056 quam
795 2964 1047 3041 insufficientes

26 3059 110 3132 nubis
134 3061 218 3136 sistit
240 3061 479 3148 characteres,
508 3061 637 3152 quibus
653 3061 812 3135 Scientia
829 3063 949 3136 nostra
972 3087 1048 3138 non

26 3159 201 3250 excolitur,
232 3157 290 3232 sed
310 3158 432 3252 potius
450 3158 705 3246 cunfunditur3
734 3159 824 3230 adeo
843 3175 884 3232 ut
902 3161 1048 3234 Metho-

26 3248 76 3324 dus
93 3257 259 3332 naturalis
282 3257 446 3330 ultimum
470 3255 512 3328 srt
534 3256 713 3348 quesitum
738 3257 906 3330 Scientiae
931 3257 1049 3350 Syste-

25 3351 154 3444 natica,
172 3355 245 3428 fine
262 3377 332 3448 qua
348 3353 469 3428 omnia
487 3351 595 3456 nobis
609 3351 686 3426 fere
702 3353 782 3428 sunt
796 3353 905 3426 instar
918 3355 1049 3446 chaos3

26 3443 89 3520 &ll
114 3450 256 3526 scientia
283 3451 422 3526 corruit
446 3450 736 3545 vegetabilium,
767 3452 885 3524 omnis
905 3452 1052 3548 quoque

27 3547 144 3618 canuit
174 3548 280 3640 usus,
323 3569 428 3642 quem
460 3569 506 3620 ex
536 3546 606 3620 illis
645 3547 816 3643 expiscari
853 3563 1052 3642 potuerunt

23 3635 169 3718 Scientie
205 3644 618 3734 naturalisDotiores,
659 3647 697 3722 in
729 3645 873 3720 humani
909 3648 1050 3742 generis

25 3744 206 3816 commoda.
255 3745 395 3816 Verum
426 3743 569 3835 quidem
597 3741 670 3834 est,
702 3744 921 3838 vegetabilis
947 3767 1051 3838 agere

25 3831 54 3904 ir
71 3833 202 3934 Corpus
219 3841 427 3914 Humanum
442 3839 634 3914 secundum
655 3841 807 3915 odorem
823 3841 858 3914 dr
874 3840 1050 3934 saporem,

23 3927 162 4012 sednon
188 3938 261 4014 hoc
283 3935 432 4032 sufficit,
456 3935 521 4012 niu
543 3935 701 4014 Ordines
722 3941 925 4036 plantarum
950 3949 1054 4010 natu·

514 4035 551 4142 Q
574 4053 596 4126 5
958 4035 1051 4111 rales

650 4161 656 4175 ·
1121 4158 1124 4195 ι
